@book{fant1960,
  title={Acoustic theory of speech production},
  author={Fant, Gunnar},
  publisher={Mouton and Co},
  year={1960}
}
