@article{daniels96,
  title={The study of writing systems},
  author={Daniels, Peter T.},
  journal={The world’s writing systems},
  pages={3--17},
  year={1996},
  publisher={Oxford University Press New York, NY}
}

@article{foster00,
  title={Measuring spoken language: {A} unit for all reasons},
  author={Foster, Pauline and Tonkyn, Alan and Wigglesworth, Gillian},
  journal={Applied linguistics},
  volume={21},
  number={3},
  pages={354--375},
  year={2000},
  publisher={Oxford University Press}
}

@article{haas76,
  title={Writing: The basic options},
  author={Haas, William},
  journal={Writing without letters},
  pages={131--208},
  year={1976},
  publisher={Manchester University Press Manchester}
}

@book{afbo13,
  address   = {Leipzig},
  editor    = {Frank Seifart},
  publisher = {Max Planck Institute for Evolutionary Anthropology},
  title     = {AfBo: A world-wide survey of affix borrowing},
  url       = {http://afbo.info/},
  year      = {2013}
}

@article{sails16,
  title={South American Indigenous Language Structures (SAILS) Online.},
  author={Pieter Muysken and Harald Hammarström and Olga Krasnoukhova and Neele Müller and Joshua Birchall and Simon van de Kerke and Loretta O'Connor and Swintha Danielsen and Rik van Gijn and George Saad},
  journal={Leipzig: Online Publication of the Max Planck Institute for Evolutionary Anthropology. (Available at http://sails.clld.org). Accessed on 2017-08-12)},
  year={2016}
}


@book{phoible14,
  address   = {Leipzig},
  editor    = {Steven Moran and Daniel McCloy and Richard Wright},
  publisher = {Max Planck Institute for Evolutionary Anthropology},
  title     = {PHOIBLE Online},
  url       = {http://phoible.org/},
  year      = {2014}
}

@article{autotyp17,
  title={The AUTOTYP typological databases. Version 0.1.0},
  author={Balthasar Bickel and Johanna Nichols and Taras Zakharko and Alena Witzlack-Makarevich and Kristine Hildebrandt and Michael Rießler and Lennart Bierkandt and Fernando Zúñiga and John B. Lowe},
  journal={Jena: Max Planck Institute for the Science of Human History.(Available online at https://github.com/autotyp/autotyp-data/tree/0.1.0, Accessed on 2017-08-12.)},
  year={2017}
}

@book{wals13,
  address   = {Leipzig},
  editor    = {Matthew S. Dryer and Martin Haspelmath},
  publisher = {Max Planck Institute for Evolutionary Anthropology},
  title     = {WALS Online},
  url       = {http://wals.info/},
  year      = {2013}
}

@article{hammarstrom17,
  title={Glottolog 3.0},
  author={Hammarstr{\"o}m, Harald and Forkel, Robert and Haspelmath, Martin},
  journal={Jena: Max Planck Institute for the Science of Human History.(Available online at http://glottolog. org, Accessed on 2017-05-15.)},
  year={2017}
}

@Manual{cheng17,
    title = {leaflet: Create Interactive Web Maps with the JavaScript 'Leaflet'
Library},
    author = {Joe Cheng and Bhaskar Karambelkar and Yihui Xie},
    year = {2017},
    note = {R package version 1.1.0},
    url = {https://CRAN.R-project.org/package=leaflet},
  }


@Manual{rcitation17,
    title = {R: A Language and Environment for Statistical Computing},
    author = {{R Core Team}},
    organization = {R Foundation for Statistical Computing},
    address = {Vienna, Austria},
    year = {2017},
    url = {https://www.R-project.org/},
  }

@article{dibo01,
  title={Западнокавказская акцентологическая реконструкция (Доделай библиографический вход)},
  author={В. А. Дыбо},
  journal={?},
  pages={88--113},
  year={2001},
  volume = {1},
  number={1},
  publisher={?}
}

@book{dibo00,
  title={Морфологизованные парадигматические акцентные системы. Типология и генезис},
  author={В. А. Дыбо},
  pages={733},
  year={2000},
  volume = {1},
  publisher={Языки русской культуры},
   address    = {М.}
}

@book{spruit86,
  address    = {Leiden},
  author     = {Spruit, A.},
  pages      = {144},
  publisher  = {},
  title      = {Abkhaz Studies},
  year       = {1986}
}

@book{yakovlev06,
  address    = {Сухуми},
  author     = {Яковлев, Н. Ф.},
  pages      = {321},
  publisher  = {Академия наук Абхазии, Абхазский институт гуманитарных исследований им. Д. И. Гулиа},
  title      = {Грамматика абхазского литературного языка},
  year       = {2006}
}

@book{aristava68,
  address    = {Сухуми},
  author     = {Аристава, Ш. К.},
  pages      = {204},
  publisher  = {Алашара},
  title      = {Грамматика абхазского языка},
  year       = {1968}
}

@book{fenwick11,
  title={A grammar of Ubykh},
  author={Fenwick, Rohan S. H.},
  year={2011},
  publisher={LINCOM Europa}
}


@book{dirr96,
  address    = {Нальчик},
  author     = {Дирр, А. Н.},
  translator = {Габуниа, З.М. and Сакиева, Р.С.},
  pages      = {109},
  publisher  = {Академия Наук СССР},
  title      = {Язык убыхов},
  year       = {1996}
}

@book{dumezil31,
  title={La langue des Oubykhs},
  author={Dum{\'e}zil, G.},
  series={35},
  year={1931},
  publisher={E. Champion}
}

@book{genko55,
  address    = {М.},
  author     = {Генко, А. Н.},
  pages      = {207},
  publisher  = {Академия Наук СССР},
  title      = {Абазинский язык},
  year       = {1955}
}

@book{lomtatidze06,
  address    = {Тбилиси},
  author     = {К. Ломтатидзе},
  publisher  = {Институт языкознания Арнольда Чикобава},
  title      = {Абазинский язык (краткое обозрение)},
  year       = {2006}
}

@book{tabulova76,
  address    = {Черкесск},
  author     = {Н. Т. Табулова},
  publisher  = {Ставропольское книжное издательство},
  title      = {Грамматика абазинского языка},
  year       = {1976}
}

@book{hewitt79,
  address    = {Amsterdam},
  author     = {G. B. Hewitt},
  pages      = {288},
  publisher  = {North-Holland},
  series     = {Lingua Descriptive Studies},
  title      = {Abkhaz},
  volume     = {2},
  year       = {1979}
}

@Manual{barreda15,
    title = {phonTools: Functions for phonetics in R.},
    author = {Santiago Barreda},
    year = {2015},
    note = {R package version 0.2-2.1},
  }

 @Manual{kendall14,
    title = {vowels: Vowel Manipulation, Normalization, and Plotting},
    author = {Tyler Kendall and Erik R. Thomas},
    year = {2014},
    note = {R package version 1.2-1},
    url = {https://CRAN.R-project.org/package=vowels},
  }

@book{berg05,
  title={The physics of sound},
  author={Berg, R. E. and D. G., Stork},
  year={2005},
  publisher={Pearson Education}
}


@book{gussenhoven11,
  title={Understanding Phonology Hodder Education},
  author={Gussenhoven, Carlos and Jacobs, Haike},
  year={2011},
  publisher={USA}
}

@book{taylor83,
  title={The alphabet: an account of the origin and development of letters},
  author={Taylor, I.},
  volume={2},
  year={1883},
  publisher={K. Paul, Trench \& Company}
}

@book{wackernagel71,
  title={Untersuchungen zur gesprochenen Sprache: Beobachtungen zur Verkn{\"u}pfung spontanen Sprechens},
  author={Wackernagel-Jolles, Barbara},
  number={33},
  year={1971},
  publisher={A. K{\"u}mmerle}
}

@book{sampson85,
  title={Writing systems: A linguistic introduction},
  author={Sampson, G.},
  year={1985},
  publisher={Stanford University Press}
}

@book{defrancis89,
  title={Visible speech: The diverse oneness of writing systems},
  author={DeFrancis, J.},
  year={1989},
  publisher={University of Hawaii Press}
}

@misc{diringer62,
  title={Writing, New York, NY, Frederick A},
  author={Diringer, D.},
  year={1962},
  publisher={Praeger Inc}
}

@book{gelb52,
  title={A study of writing: The foundations of grammatology},
  author={Gelb, I. J.},
  year={1952},
  publisher={The University of Chicago Press}
}

@incollection{moroz12a,
  address   = {СПб.},
  author    = {Г. А. Мороз},
  booktitle = {«Народная лингвистика»: взгляд носителей языка на язык},
  editor    = {Е. Головко},
  publisher = {Нестор-История},
  title     = {Адыгский, адыгейский, бесленеевский, уляпский: представления носителей уляпского говора о своем языке},
 year      = {2012},
  pages= {42--44}
}

@incollection{bagirokova15,
  address   = {Тбилиси},
  author    = {Багирокова, И. Г. and Ландер, Ю. А. and Мороз, Г. А.},
  booktitle = {IV {М}еждународный симпозиум лингвистов-кавказоведов. {В}опросы структуры основы и корня иберийско-кавказских языков.},
  editor    = {П. М. Аркадьев and О. А. Казакевич and В. Л. Кляус and Н. А. Козлова and Ю. А. Ландер and Е. В. Левкиевская and А. Б. Мороз and  Ю. В. Филиппов},
  publisher = {РГГУ},
  title     = {Понятие основы и морфологический анализ адыгейской словоформы},
 year      = {2015},
  pages= {107--110}
}

@incollection{lander15,
  address   = {М.},
  author    = {Ландер, Ю. А. and Аркадьев, П. М. and Мороз, Г. А.},
  booktitle = {Полевые исследования студентов {РГГУ}: {Э}тнология, фольклористика, лингвистика. Вып. X},
  editor    = {П. М. Аркадьев and О. А. Казакевич and В. Л. Кляус and Н. А. Козлова and Ю. А. Ландер and Е. В. Левкиевская and А. Б. Мороз and  Ю. В. Филиппов},
  publisher = {РГГУ},
  title     = {Об исследовании бжедугского диалекта адыгейского языка},
 year      = {2015},
  pages= {181--201}
}

@article{moroz15,
  title={Адыгские идиомы в {Т}урции: от первых описаний до собственной письменности},
  author={Г. А. Мороз},
  journal={Вестник {РГГУ}. {С}ерия {«Филологические науки. Языкознание»}},
  pages={44--60},
  year={2015},
  volume = {17},
  number={2},
  publisher={РГГУ}
}

@article{moroz14a,
  title={Структура составных числительных языков кавказа в типологической перспективе: сложение},
  author={Г. А. Мороз},
  journal={Вестник {М}осковского государственного гуманитарного университета им. {М. А. Шолохова. Филологические науки}},
  pages={85--100},
  volume = {1},
  year={2014},
  publisher={МГГУ}
}

@incollection{moroz14b,
  address   = {М.},
  author    = {Г. А. Мороз},
  booktitle = {Логический анализ языка: {Ч}исловой код в разных языках и культурах},
  editor    = {Н. Д. Арутюнова and М. Л. Ковшова and С. Ю. Бочавер},
  publisher = {УРСС},
  title     = {Особенности систем числительных языков {К}авказа},
 year      = {2014},
  pages= {171--182}
}

@incollection{moroz12b,
  address   = {М.},
  author    = {Г. А. Мороз},
  booktitle = {Полевые исследования студентов {РГГУ}: {Э}тнология, фольклористика, лингвистика, религиоведение},
  editor    = {Л. Г. Жукова and О. А. Казакевич and В. Л. Кляус and Н. А. Козлова and Ю. А. Ландер and А. Б. Мороз and Ю. В. Филиппов},
  publisher = {РГГУ},
  title     = {Консонантная система уляпского говора в сопоставлении с аналогами других диалектов адыгских языков},
 year      = {2012},
  pages= {193--200}
}

@inbook{moroz12с,
  address   = {М.},
  author    = {Г. А. Мороз},
  booktitle = {Проблемы языка: {С}борник научных статей по материалам {П}ервой конференции-школы <<{П}роблемы языка: взгляд молодых ученых>>},
  publisher = {Институт языкознания РАН},
  title     = {Ударение в уляпском говоре кабардинского языка},
 year      = {2012},
  pages= {190--204}
}

@unpublished{kuznetsova06,
	title={Ударение и чередование a/e в адыгейском языке: рассмотрение с точки зрения различных теоретических подходов},
	author={Кузнецова, Ю.},
	year={2006},
	note={Экспедиционный отчет}
	}
	
@article{hyman06,
  title={Word-prosodic typology},
  author={Hyman, L. M.},
  journal={Phonology},
  pages={225--257},
  volume = {23},
  year={2006},
  publisher={Cambridge University Press}
}

@book{tharkaho91,
  title={Адыгейско-русский словарь},
  author={Тхаркахо, Ю. А.},
  adress={Майкоп},
  publisher = {Адыгейское книжное издательство},
  year={1991}
}

@article{knyazev99,
  title={О критериях слогоделения в современном русском языке: теория волны сонорности и теория оптимальности},
  author={Князев, С. В.},
  journal={Вопросы языкознания},
  volume={1},
  pages={84--102},
  year={1999}
}

@article{kodzasov80,
  title={Слог и ритмика слова в алюторском языке},
  author={Кодзасов, С. В. and Муравьева, И. А.},
  journal={Публикации отделения структурной и прикладной лингвистики МГУ. Филологический факультет},
  number={9},
  year={1980}
}

@incollection{maddieson12,
  address   = {Leipzig},
  author    = {Ian Maddieson},
  booktitle = {The World Atlas of Language Structures Online},
  editor    = {Matthew S. Dryer and Martin Haspelmath},
  publisher = {Max Planck Institute for Evolutionary Anthropology},
  title     = {Syllable Structure},
  url       = {http://wals.info/chapter/12},
  year      = {2013}
}

@article{levenshtein65,
  title={Двоичные коды с исправлением выпадений, вставок и замещений символов},
  author={Левенштейн, В. И.},
  journal={Доклады Академий Наук СССР},
  volume={163},
  number={4},
  pages={845--848},
  year={1965}
}

@inproceedings{brugman04,
  title={{Annotating Multi-media/Multi-modal Resources with ELAN}},
  author={Brugman, H. and Russel, A. and Nijmegen, X.},
  booktitle={LREC},
  year={2004}
}

@Manual{moroz17,
    title = {{lingtypology: Linguistic Typology and Mapping}},
    author = {George Moroz},
    year = {2017},
    url = {https://CRAN.R-project.org/package=lingtypology},
    organization={School of Linguistics, National Research University Higher School of Economics}
  }

@book{efrosinina09,
  title={Литературное чтение в начальной школе: контрольные работы, тесты, литературные диктанты, тексты для проверки навыков чтения, диагностические задания: в 2 ч.},
  author={Ефросинина, N. S.},
  year={2009},
  adress={М.},
  publisher={Вентана-Граф}
}

@article{rosenblatt56,
  title={Remarks on some nonparametric estimates of a density function},
  author={Rosenblatt, Murray and others},
  journal={The Annals of Mathematical Statistics},
  volume={27},
  number={3},
  pages={832--837},
  year={1956},
  publisher={Institute of Mathematical Statistics}
} 

@article{lass84,
  title={Vowel system universals and typology: prologue to theory},
  author={Lass, R.},
  journal={Phonology},
  volume={1},
  pages={75--111},
  year={1984},
  publisher={Cambridge Univ Press}
}

@book{trubeckoj29,
  title={{Zur allgemeinen Theorie der phonologisches Vokalsysteme}},
  author={Trubeckoj, N. S.},
  year={1929},
  publisher={St{\'a}tni Tisk{\'a}rna}
}

@phdthesis{becker10,
  title={{Acoustic typology of vowel inventories and Dispersion Theory: Insights from a large cross-linguistic corpus}},
  author={Becker-Kristal, R.},
  year={2010},
  school={Citeseer}
}

@article{parzen62,
  title={On estimation of a probability density function and mode},
  author={Parzen, E.},
  journal={The annals of mathematical statistics},
  volume={33},
  number={3},
  pages={1065--1076},
  year={1962}
}
 
 @book{wickham09,
    author = {H. Wickham},
    title = {{ggplot2: Elegant Graphics for Data Analysis}},
    publisher = {Springer-Verlag New York},
    year = {2009},
    isbn = {978-0-387-98140-6},
    url = {http://ggplot2.org},
  }
  
@techreport{hyman14,
     title = {{What is Phonological Typology?}},
     author = {Hyman, L. M.},
     year = {2014},
     institution = {UC Berkeley Phonology Lab Annual Reports}
}

@book{gordon06,
  title={{Syllable Weight: Phonetics}},
  author={Gordon, M.},
  year={2006}
}

@article{clements90,
  title={The role of the sonority cycle in core syllabification},
  author={Clements, G. N.},
  journal={Papers in laboratory phonology},
  volume={1},
  pages={283--333},
  year={1990}
}

@incollection{cote10,
  title={The impact of experimental tasks on syllabification judgments: A case study of Russian},
  author={C{\^o}t{\'e}, M.-H. and Kharlamov, V.},
  booktitle={Handbook of the Syllable},
  pages={271--294},
  year={2010},
  publisher={Brill}
}

@incollection{maddieson10,
  title={Typology of Phonological Systems},
  author={Maddieson, I.},
  editor={Song, J. J.},
  booktitle={The Handbook of linguistic Typology},
  year={2010},
  publisher={Oxford Handbooks in Linguistics}
}

@incollection{maddieson13vowel,
  title={{Vowel Inventories}},
  author={Maddieson, I.},
  editor={Dryer, M. S. and Haspelmath, M.},
  booktitle={The World Atlas of Language Structures Online},
  year={2013},
  publisher={Max Planck Institute for Evolutionary Anthropology}
}

@article{hyman08,
  title={Universals in phonology},
  author={Hyman, L. M.},
  journal={Linguistic Review},
  volume={25},
  number={1/2},
  pages={83},
  year={2008},
  publisher={Walter de Gruyter \& CO.}
}

@incollection{maddieson13cons,
  title={{Consonant Inventories}},
  author={Maddieson, I.},
  editor={Dryer, M. S. and Haspelmath, M.},
  booktitle={The World Atlas of Language Structures Online},
  year={2013},
  publisher={Max Planck Institute for Evolutionary Anthropology}
}

@incollection{clements03,
  title={Ikwere nasal harmony in typological perspective},
  author={Clements, G. N. and Osu, S.},
  editor={Sauzet, P. and Zribi-Hertz, A.},
  booktitle={Typologie des langues d'Afrique et universaux de la grammaire},
  volume={2},
  pages={70--95},
  year={2003},
  publisher={Citeseer}
}

@article{cohn93,
  title={A survey of the phonology of the feature [$\pm$nasal]},
  author={Cohn, A.},
  journal={Working papers of the Cornell phonetics laboratory},
  volume={8},
  pages={141--203},
  year={1993}
}

@incollection{matisoff73,
  title={{Tonogenesis in Southeast Asia}},
  author={Matisoff, J. A.},
  editor =  {Ohala, J. J.},
  booktitle={Consonant types and tone},
  pages={71-95},
  year={1973},
  publisher={Southern California Occasional Papers in Linguistics Los Angeles}
}

@book{buchholz87,
  title={Albanische grammatik},
  author={Buchholz, Oda and Fiedler, Wilfried},
  year={1987},
  publisher={Verlag Enzyklop{\"a}die}
}

@techreport{hyman06b,
     title = {{Where's Phonology in Typology?}},
     author = {Hyman, L. M.},
     year = {2006},
     institution = {UC Berkeley Phonology Lab Annual Reports}
}

@unpublished{prince16,
	title={What is {OT}?},
	author={Prince, A.},
	year={2016},
	journal={Rutgers Optimality Archive},
	volume={293}	
}

@unpublished{smolensky96,
  title={The initial state and ‘richness of the base’in {O}ptimality {T}heory},
  author={Smolensky, P.},
  journal={Rutgers Optimality Archive},
  volume={293},
  year={1996}
}

@incollection{mccarthy03,
  title={Sympathy, cumulativity, and the {Duke-of-York} gambit},
  author={McCarthy, J. J.},
  booktitle={The syllable in optimality theory},
  editor={Fery, C. and van de Vijver, R.},
  pages={23--76},
  year={2003},
  publisher={Cambridge: Cambridge University Press}
}

@misc{kiparsky01,
  title={Stratal {OT} or sympathy},
  author={Kiparsky, P.},
  type={Handout of talk presented at University of Massachusetts, Amherst, MA},
  year={2001}
}

@article{kiparsky00,
  title={Opacity and cyclicity},
  author={Kiparsky, P.},
  journal={The linguistic review},
  volume={17},
  number={2-4},
  pages={351--366},
  year={2000}
}

@article{rubach03dukeofyork,
  title={{Duke-of-York derivations in Polish}},
  author={Rubach, J.},
  journal={Linguistic inquiry},
  volume={34},
  number={4},
  pages={601--629},
  year={2003},
  publisher={MIT Press}
}

@article{rubach00,
  title={Backness switch in {R}ussian},
  author={Rubach, J.},
  journal={Phonology},
  volume={17},
  number={01},
  pages={39--64},
  year={2000},
  publisher={Cambridge University Press}
}

@incollection{rubach97,
  title={{Extrasyllabic consonants in Polish: Derivational optimality theory}},
  author={Rubach, J.},
  booktitle={Derivations and constraints in phonology},
  editor={Roca, I.},
  pages={551--581},
  publisher = {Clarendon Press},
  year={1997}
}

@book{kiparsky68,
  title={How abstract is phonology?},
  author={Kiparsky, P.},
  year={1968},
  publisher={Indiana University Linguistics Club}
}

@article{kisseberth70,
  title={On the functional unity of phonological rules},
  author={Kisseberth, C. W.},
  journal={Linguistic Inquiry},
  volume={1},
  number={3},
  pages={291--306},
  year={1970}
}

@phdthesis{hopkins02,
  title={The phonological structure of the {Kashubian} word},
  author={Hopkins, P. S.},
  year={2002},
  school={National Library of Canada Ottawa}
}

@book{topolinska74,
  title={A historical phonology of the {K}ashubian dialects of {P}olish},
  author={Topoli\'nska, Z.},
  volume={255},
  year={1974},
  publisher={Walter de Gruyter}
}

@incollection{stone03,
  title={Cassubian},
  author={Stone, G.},
  booktitle={The Slavonic Languages},
  editor={Corbett, G. and Comrie, B.},
  year={2003},
  publisher={Routledge}
}

@article{jocz15,
  title={System samog{\l}oskowy wsp{\'o}{\l}czesnej kaszubszczyzny p{\'o}{\l}nocno-zachodniej},
  author={Jocz, L.},
  year={2015},
  pages = {39--63},
  journal={Slavia Occidentalis}
}

@book{jocz14,
  title={System sp{\'o}{\l}g{\l}oskowy wsp{\'o}{\l}czesnych gwar centralnokaszubskich},
  author={Jocz, L.},
  year={2014},
  publisher={Volumina. pl Daniel Krzanowski}
}

@book{alekseev88,
  title={Сравнительно-историческая морфология аваро-андийских языков},
  author={Алексеев, М. Е.},
  adress={М.},
  publisher={Наука},
  year={1988}
}

@book{dirr06,
  title={Краткий грамматический очерк андийского языка с текстами, сборником андийских слов и русским к нему указателем},
  author={Дирр, А. М.},
  adress={Тифлис},
  year={1906}
}

@book{ladygina35,
  title={Дитя шимпанзе и дитя человека},
  author={Ладыгина-Котс, Н. Н.},
 adress={М.},
  publisher={Наука},
  year={1935}
}

@article{fouts89,
  title={The infant Loulis learns signs from cross-fostered chimpanzees},
  author={Fouts, R. S. and Fouts, D. H. and van Cantfort, T. E.},
  journal={Teaching sign language to chimpanzees},
  pages={280--292},
  year={1989}
}

@article{fouts84,
  title={Sign language conversational interaction between chimpanzees},
  author={Fouts, R. S. and Fouts, D. H. and Schoenfeld, D.},
  journal={Sign Language Studies},
  volume={42},
  number={1},
  pages={1--12},
  year={1984},
  publisher={Gallaudet University Press}
}


@article{terrace79,
  title={Can an ape create a sentence},
  author={Terrace, H. S. and Petitto, L.-A. and Sanders, R. J. and Bever, T. G.},
  journal={Science},
  volume={206},
  number={4421},
  pages={891--902},
  year={1979}
}


@article{patterson78,
  title={The gestures of a gorilla: Language acquisition in another pongid},
  author={Patterson, F. G.},
  journal={Brain and Language},
  volume={5},
  number={1},
  pages={72--97},
  year={1978},
  publisher={Elsevier}
}

@article{lieberman68,
  title={Primate vocalizations and human linguistic ability},
  author={Lieberman, P.},
  journal={The Journal of the Acoustical Society of America},
  volume={44},
  number={6},
  pages={1574--1584},
  year={1968},
  publisher={Acoustical Society of America}
}

@book{gardner73,
  title={{Development of Two-Way Communication with the Chimpanzee Washoe (film)}},
  author={Gardner, R. A. and Gardner, B. T.},
  year={1973},
  publisher={Pennsylvania State  University}
}

@book{hayes51film,
  title={Vocalization and speech in chimpanzees (film)},
  author={Hayes, K. and Hayes, C.},
  year = {1951},
 publisher={Penn State Audio-Visual Services}
}

@article{bennett52,
  title={{Review of Vocalization and speech in chimpanzees}},
  author={Bennett, E. M.},
  year={1952},
  pages={281--290}, 
  publisher={American Psychological Association}
}

@book{hayes51,
  title={The ape in our house},
  author={Hayes, C.},
  year={1951},
  publisher={Harper}
}


@book{zorina14,
  title={О чем рассказали ``говорящие'' обезьяны: {С}пособны ли высшие животные оперировать символами?},
  author={Зорина, З. and Смирнова, А.},
  year={2014},
  publisher={Litres}
}


@article{furness16,
  title={Observations on the mentality of chimpanzees and orang-utans},
  author={Furness, W. H.},
  journal={Proceedings of the American Philosophical Society},
  volume={55},
  number={3},
  pages={281--290},
  year={1916}
}

@book{stankiewicz93,
  title={The accentual patterns of the {S}lavic languages},
  author={Stankiewicz, E.},
  year={1993},
  publisher={Stanford University Press}
}

@book{sussex06,
  title={{The Slavic Languages}},
  author={Sussex, R. and Cubberley, P. V.},
  volume={13},
  year={2006},
  publisher={Cambridge University Press Cambridge}
}

@book{richardson07,
  title={Case and aspect in {S}lavic},
  author={Richardson, K.},
  year={2007},
  publisher={Oxford University Press}
}

@book{corbett03,
  title={The {S}lavonic {L}anguages},
  author={Corbett, G. and Comrie, B.},
  year={2003},
  publisher={Routledge}
}

@book{debray80south,
  title={Guide to the {S}outh {S}lavonic languages},
  author={De Bray, R. G. A.},
  volume={3},
  year={1980},
  publisher={Slavica Pub}
}

@book{debray80east,
  title={Guide to the {E}ast {S}lavonic languages},
  author={De Bray, R. G. A.},
  volume={1},
  year={1980},
  publisher={Slavica Pub}
}

@book{debray80west,
  title={Guide to the {W}est {S}lavonic languages},
  author={De Bray, R. G. A.},
  volume={2},
  year={1980},
  publisher={Slavica Pub}
}


@article{selkirk84,
  title={On the major class features and syllable theory},
  author={Selkirk, E. O.},
  year={1984},
  publisher={The MIT Press}
}


@book{patterson81,
  title={The education of {K}oko},
  author={Patterson, F. and Linden, E.},
  year={1981}
}


@article{gardner69,
  title={Teaching sign language to a chimpanzee},
  author={Gardner, R. A. and Gardner, B. T.},
  journal={Science},
  volume={165},
  number={3894},
  pages={664--672},
  year={1969},
  publisher={Citeseer}
}

@book{fulop11,
  title={Speech spectrum analysis},
  author={Fulop, S.},
  year={2011},
  publisher={Springer Science \& Business Media}
}

@book{rorabaugh10,
  title={Notes on Digital Signal Processing: Practical Recipes for Design, Analysis and Implementation},
  author={Rorabaugh, C. B.},
  year={2010},
  publisher={Prentice Hall}
}


@book{ladefoged12,
  title={Vowels and consonants},
  author={Ladefoged, P. and Disner, S. F.},
  year={2012},
  publisher={John Wiley \& Sons}
}


@book{johnson11,
  title={Acoustic and auditory phonetics},
  author={Johnson, K.},
  year={2011},
  publisher={John Wiley \& Sons}
}


@book{harrington10,
  title={Phonetic analysis of speech corpora},
  author={Harrington, J.},
  year={2010},
  publisher={John Wiley \& Sons}
}


@article{gordon01,
  title={Phonation types: a cross-linguistic overview},
  author={Gordon, M. and Ladefoged, P.},
  journal={Journal of Phonetics},
  volume={29},
  number={4},
  pages={383--406},
  year={2001},
  publisher={Elsevier}
}


@book{fant60,
  title={Acoustic theory of speech production: with calculations based on X-ray studies of Russian articulations},
  author={Fant, G.},
  volume={2},
  year={1960},
  publisher={Walter de Gruyter}
}

@book{fuchs10,
  title={Turbulent sounds: an interdisciplinary guide},
  author={Fuchs, S. and Toda, M. and {\.Z}ygis, M.},
  volume={21},
  year={2010},
  publisher={Walter de Gruyter}
}


@book{ashby05,
  title={Introducing phonetic science},
  author={Ashby, M. and Maidment, J.},
  year={2005},
  publisher={Cambridge University Press}
}

@book{bickford06,
  title={Articulatory Phonetics: Tools for Analyzing the World's Languages},
  author={Bickford, A. C. and Floyd, R.},
  year={2006},
  publisher={SIL International}
}

@phdthesis{tesheva98,
author    =  {Тешева, Ф. Р.},
title     =  {Педагогическая деятельность и педагогические взгляды адыгских просветителей У. Х. Берсея и П. И. Тамбиева},
school = {Адыгейский государственный университет},
year = {1998}
}

@book{harris94,
  title={English sound structure},
  author={Harris, J.},
  year={1994},
  publisher={Blackwell Oxford}
}

@inproceedings{scobbie02,
  title={Fuzzy contrasts, fuzzy inventories, fuzzy systems: Thoughts on quasi-phonemic contrast, the phonetics/phonology interface and sociolinguistic variation},
  author={Scobbie, J. M.},
  booktitle={Second International Conference on Contrast in Phonology, University of Toronto},
  year={2002}
}

@phdthesis{hall09,
  title={A probabilistic model of phonological relationships from contrast to allophony},
  author={Hall, K. C.},
  year={2009},
  school={The Ohio State University}
}

@book{,
  title={Cours de linguistique g{\'e}n{\'e}rale},
  author={De Saussure, Ferdinand},
  year={1916},
  publisher={Payot}
}

@book{aslan05,
  title={Do{\u{g}}u Akdeniz'deki {\c{C}}erkesler},
  author={Aslan, C.},
  year={2005},
  publisher={Adana Kafkas K{\"u}lt{\"u}r Derne{\u{g}}i}
}

@article{zaliznyak64,
  title={K voprosu o gramaticheskix kategoriyax roda i odushevlennosti v sovremennom russkom yazike},
  author={Zaliznyak, A. A.},
  journal={Voprosi yazikoznaniya},
  volume={4},
  pages={25--40},
  year={1964}
}

@incollection{corbett13,
  title={Gender typology},
  author={Corbett, G. G.},
  booktitle={The expression of gender},
  pages={87--130},
  year={2013},
  publisher={Mouton de Gruyter},
editor    = {Corbett, G. G.}
}

@phdthesis{suleymanov57,
	title={Грамматический очерк андийского языка (по данным говора с. Риквани)},
	author={Сулейманов, Я. Г.},
	year={1957},
	school={Институт языкознания АН СССР}
}

@book{salimov10,
  title={Гагатлинский говор андийского языка},
  author={Салимов, Х. С.},
  publisher={Институт языка, литературы и искусства им. Г. Цадасы},
  year={2010 (1968)}
}


@book{gigineyshvili77,
  title={Сравнительная фонетика дагестанских языков},
  author={Гигинейшвили, Б. К.},
  publisher={Издательство Тбилисского университета},
  year={1977}
}

@book{bokarev81,
  title={Сравнительно-историческая фонетика восточнокавказских языков},
  author={Бокарев, Е. А.},
  year={1981},
  publisher={Наука}
}

@phdthesis{post07,
  title={A grammar of Galo},
  author={Post, M. W.},
  year={2007},
  school={La Trobe University}
}

@article{verhoeven04,
  title={Speech rate in a pluricentric language: A comparison between {D}utch in {B}elgium and the {N}etherlands},
  author={Verhoeven, J. and De Pauw, G. and Kloots, H.},
  journal={Language and Speech},
  volume={47},
  number={3},
  pages={297--308},
  year={2004},
  publisher={SAGE Publications}
}

@article{quene08,
  title={Multilevel modeling of between-speaker and within-speaker variation in spontaneous speech tempo},
  author={Quen{\`e}, H.},
  journal={The Journal of the Acoustical Society of America},
  volume={123},
  number={2},
  pages={1104--1113},
  year={2008},
  publisher={Acoustical Society of America}
}

@book{scollon81,
  title={Narrative, literacy, and face in interethnic communication},
  author={Scollon, R. and Scollon, S. B. K.},
  volume={7},
  year={1981},
  publisher={Ablex Publishing Corporation}
}


@inproceedings{pellegrino04,
  title={Automatic estimation of speaking rate in multilingual spontaneous speech},
  author={Pellegrino, F. and Farinas, J. and Rouas, J. L. },
  booktitle={Speech Prosody 2004, International Conference},
  year={2004}
}

@article{tauroza90,
  title={Speech rates in british english},
  author={Tauroza, S. and Allison, D.},
  journal={Applied linguistics},
  volume={11},
  number={1},
  pages={90--105},
  year={1990},
  publisher={Am Assoc Appl Ling}
}

@inproceedings{arnfield95,
  title={Emotional stress and speech tempo variation},
  author={Arnfield, Simon and Roach, Peter and Setter, Jane and Greasley, Peter and Horton, Dave},
  booktitle={Speech under Stress},
  year={1995}
}

@article{weirich14,
  title={Differences in acoustic vowel space and the perception of speech tempo},
  author={Weirich, M. and Simpson, A. P.},
  journal={Journal of Phonetics},
  volume={43},
  pages={1--10},
  year={2014},
  publisher={Elsevier}
}

@inproceedings{stepanova11,
  title={Russian spontaneous speech rate (based on the speech corpus of Russian everyday interaction)},
  author={Stepanova, Svetlana},
  booktitle={Proceedings of the 17th International Congress ofPhonetic Science, Way-Sum Li and Eric Zee (eds.)},
  volume={1905},
  year={2011}
}

@article{pellegrino11,
  title={Across-language perspective on speech information rate},
  author={Pellegrino, Fran{\c{c}}ois and Coup{\'e}, Christophe and Marsico, Egidio},
  journal={Language},
  volume={87},
  number={3},
  pages={539--558},
  year={2011},
  publisher={Linguistic Society of America}
}

@book{kendall13,
  title={Speech rate, pause and sociolinguistic variation: studies in corpus sociophonetics},
  author={Kendall, Tyler},
  year={2013},
  publisher={Springer}
}

@article{hilton11,
  title={Syllable reduction and articulation rates in Danish, Norwegian and Swedish},
  author={Hilton, N. H. and Sch{\"u}ppert, A. and Gooskens, C.},
  journal={Nordic Journal of Linguistics},
  volume={34},
  number={02},
  pages={215--237},
  year={2011},
  publisher={Cambridge Univ Press}
}


@inproceedings{bosker16,
  title={Our own speech rate influences speech perception},
  author={Bosker, H. R.},
  booktitle={Speech Prosody 2016},
  pages={227--231},
  year={2016}
}

@inproceedings{bosker15,
  title={Normalization for speechrate in native and nonnative speech},
  author={Bosker, H. R. and Reinisch, E.},
  booktitle={18th International Congress of Phonetic Sciences 2015 [ICPhS XVIII]},
  year={2015},
  organization={International Phonetic Association}
}


@inproceedings{dellwo03,
  title={Relations between language rhythm and speech rate},
  author={Dellwo, V. and Wagner, P.},
  booktitle={Proceedings of the 15th international congress of phonetic sciences},
  pages={471--474},
  year={2003}
}

@incollection{roach98,
author={Roach, P.},
booktitle={Language Myths},
pages={150--158},
year={1998},
publisher={Penguin Books},
editor    = {Bauer, L. and Trudgill, P.},
  title={Some Languages are Spoken More Quickly than Others}}

@incollection{zellner94,
author={Zellner, B.},
booktitle={Fundamentals of speech synthesis and speech recognition},
pages={41--62},
year={1994},
publisher={John Wiley},
editor    = {Keller, E.},
  title={Pauses and the temporal structure of speech}}

@incollection{uhmann92,
  title={Contextualizing relevance: On some forms and functions of speech rate changes in everyday conversation},
  author={Uhmann, S.},
booktitle={The contextualization of language},
  pages={297--336},
  year={1992},
  editor    = {Auer, P. and Di Luzio, A.},
  publisher={Benjamins Amsterdam}
}

@article{brown85,
  title={Speaker evaluations as a function of speech rate, accent and context},
  author={Brown, B. L. and Giles, H. and Thakerar, J. N.},
  journal={Language \& Communication},
  volume={5},
  number={3},
  pages={207--220},
  year={1985},
  publisher={Elsevier}
}

@article{vaane82,
  title={Subjective estimation of speech rate},
  author={Vaane, E.},
  journal={Phonetica},
  volume={39},
  number={2-3},
  pages={136--149},
  year={1982},
  publisher={Karger Publishers}
}

@article{barik77,
  title={Cross-linguistic study of temporal characteristics of different types of speech materials},
  author={Barik, H. C.},
  journal={Language and Speech},
  volume={20},
  number={2},
  pages={116--126},
  year={1977},
  publisher={Sage Publications}
}


@article{osser64,
  title={A cross cultural study of speech rate},
  author={Osser, H. and Peng, F.},
  journal={Language and Speech},
  volume={7},
  number={2},
  pages={120--125},
  year={1964},
  publisher={SAGE Publications}
}

@article{fonagy60,
  title={Speed of utterance in phrases of different lengths},
  author={Fonagy, I. and Magdics, K.},
  journal={Language and Speech},
  volume={3},
  number={4},
  pages={179--192},
  year={1960},
  publisher={SAGE Publications}
}

@misc{boersma17,
  title={Praat: doing phonetics by computer (Version 5.3.51)[Computer program] Version 6.0.25, retrieved 11 February 2017 from http://www.praat.org/},
  author={Boersma, P. and Weenink, D.},
  year={2017}
}

@misc{boersma13,
  title={Praat: doing phonetics by computer (Version 5.3.51)[Computer program]. Retrieved 2 June 2013},
  author={Boersma, P. and Weenink, D.},
  year={2013}
}

@article{feinerer08,
    title = {Text Mining Infrastructure in R},
    author = {Feinerer, I. and Hornik, K. and Meyer, D.},
    year = {2008},
    journal = {Journal of Statistical Software},
    volume = {25},
    number = {5},
    pages = {1--54},
    url = {http://www.jstatsoft.org/v25/i05/},
    month = {March},
  }

@misc{barreda12,
  title={phon{T}ools: A collection of functions useful for phonetics work},
  author={Barreda, S.},
  year={2012},
  publisher={R package version 0.1-2. http://CRAN. R-project. org/package= phonTools (accessed June 14, 2016)}
}

@article{albin14,
  title={Praat{R}: An architecture for controlling the phonetics software “{P}raat” with the {R} programming language},
  author={Albin, A. L.},
  journal={The Journal of the Acoustical Society of America},
  volume={135},
  number={4},
  pages={2198--2199},
  year={2014},
  publisher={Acoustical Society of America}
}

@article{cox58,
  title={The regression analysis of binary sequences},
  author={Cox, D. R.},
  journal={Journal of the Royal Statistical Society. Series B (Methodological)},
  pages={215--242},
  year={1958},
  publisher={Wiley}
}

@article{cox46,
  title={Probability, frequency and reasonable expectation},
  author={Cox, Richard T},
  journal={American journal of physics},
  volume={14},
  number={1},
  pages={1--13},
  year={1946},
  publisher={American Association of Physics Teachers}
}


@book{hawkins82,
  title={Topics in applied multivariate analysis},
  author={Hawkins, Douglas M},
  volume={1},
  year={1982},
  publisher={Cambridge University Press}
}

@article{gower71,
  title={A general coefficient of similarity and some of its properties},
  author={Gower, J. C.},
  journal={Biometrics},
  pages={857--871},
  year={1971}
}

@article{estivill02,
  title={Why so many clustering algorithms: a position paper},
  author={Estivill-Castro, V.},
  journal={ACM SIGKDD explorations newsletter},
  volume={4},
  number={1},
  pages={65--75},
  year={2002},
  publisher={ACM}
}

@article{lloyd82,
  title={Least squares quantization in PCM},
  author={Lloyd, S. P.},
  journal={Information Theory, IEEE Transactions on},
  volume={28},
  number={2},
  pages={129--137},
  year={1982},
  publisher={IEEE}
}

@article{gower86,
  title={Metric and Euclidean properties of dissimilarity coefficients},
  author={Gower, J. C. and Legendre, P.},
  journal={Journal of classification},
  volume={3},
  number={1},
  pages={5--48},
  year={1986},
  publisher={Springer}
}

@book{chafe87,
  title={Properties of spoken and written language},
  author={Chafe, W. and Danielewicz, J.},
  year={1987},
  publisher={Academic Press}
}

@article{redeker84,
  title={On differences between spoken and written language},
  author={Redeker, Gisela},
  journal={Discourse Processes},
  volume={7},
  number={1},
  pages={43--55},
  year={1984},
  publisher={Taylor \& Francis}
}

@article{akinnaso82,
  title={On the differences between spoken and written language},
  author={Akinnaso, F Niyi},
  journal={Language and speech},
  volume={25},
  number={2},
  pages={97--125},
  year={1982},
  publisher={Sage Publications}
}

@incollection{miller06,
author={Miller, Jim and Fernandez-Vest, MM Jocelyne},
booktitle={Pragmatic Organization of Discourse in the Languages of Europe},
pages={9--64},
year={2006},
publisher={Mouton de Gruyter},
editor    = {Bernini, G. and Schwartz, M. L.},
title={Spoken and written language}}

@article{ochs79,
  title={Planned and Unplanned Discourse in Discourse and Syntax.},
  author={Ochs, E.},
  journal={Syntax and Semantics Ann Arbor, Mich.},
  volume={12},
  pages={51--80},
  year={1979}
}

@article{tannen82,
  title={Oral and literate strategies in spoken and written narratives},
  author={Tannen, D.},
  journal={Language},
  pages={1--21},
  year={1982}
}

@book{miller98,
  title={Spontaneous spoken language: Syntax and discourse},
  author={Miller, J. E. and Miller, J. and Weinert, R.},
  year={1998},
  publisher={Oxford University Press, USA}
}

@book{lyons68,
  title={Introduction to theoretical linguistics},
  author={Lyons, J.},
  year={1968},
  publisher={Cambridge university press}
}

@article{sestelo2016,
  title={{FWD}select: An {R} package for selecting variables in regression models},
  author={Sestelo, M. and Villanueva, N. M. and Roca-Pardi{\~n}as, J.},
  journal={Discussion Papers in Statistics and Operation Research},
  volume={13},
  number={02},
  year={2016}
}

@book{hatano12,
  title={Correlation between vocal tract length, body height, formant frequencies, and pitch frequency for the five Japanese vowels uttered by fifteen male speakers.},
  author={Hatano, H. and Kitamura, T. and Takemoto, H. and Mokhtari, P. and Honda, K. and Masaki, Sh.},
  booktitle={INTERSPEECH},
 publisher={International Speech Communication Association},
  pages={402--405},
  year={2012}
}

@book{starostin94,
  title={A North Caucasian Etymological Dictionary},
  author={Starostin, S. A. and Nikolaev, S. L.},
  year={1994},
  publisher={},
 adress = {Moscow} 
}

@book{bopp33,
  title={Altslawischen, Gotischen und Deutschen des Sanskrit, Vergleichende Grammatik and Zend, Griechischen and Lateinischen, Litthauischen},
  author={Bopp, F.},
  publisher={Konigliche Akademie der Wissenschaften},
  year={1833}
}

@book{rask18,
  title={Unders{\o}gelse om det gamle nordiske eller islandske Sprogs Oprindelse},
  author={Rask, R.},
  year={1818},
  publisher={Gyldendal}
}

@article{lees53,
  title={The basis of glottochronology},
  author={Lees, R. B.},
  journal={Language},
  pages={113--127},
  year={1953}
}

@article{swadesh52,
  title={Lexico-statistic dating of prehistoric ethnic contacts: with special reference to North American Indians and Eskimos},
  author={Swadesh, M.},
  journal={Proceedings of the American philosophical society},
  volume={96},
  number={4},
  pages={452--463},
  year={1952}
}

@article{swadesh55,
  title={Towards greater accuracy in lexicostatistic dating},
  author={Swadesh, M.},
  journal={International journal of American linguistics},
  volume={21},
  number={2},
  pages={121--137},
  year={1955}
}

@article{goldman56,
  title={The determinants of the rate of speech output and their mutual relations},
  author={Goldman-Eisler, F.},
  journal={Journal of Psychosomatic Research},
  volume={1},
  number={2},
  pages={137--143},
  year={1956},
  publisher={Elsevier}
}

@article{goldman54,
  title={A study of individual differences and of interaction in the behaviour of some aspects of language in interviews},
  author={Goldman-Eisler, F.},
  journal={The British Journal of Psychiatry},
  volume={100},
  number={418},
  pages={177--197},
  year={1954},
  publisher={RCP}
}

@article{stone77,
  title={An asymptotic equivalence of choice of model by cross-validation and Akaike's criterion},
  author={Stone, M.},
  journal={Journal of the Royal Statistical Society. Series B (Methodological)},
  pages={44--47},
  year={1977}
}

@book{cedergren73,
  title={The interplay of social and linguistic factors in Panama},
  author={Cedergren, Henrietta Cecilia Jonas},
  year={1973},
  publisher={Cornell University}
}

@article{sullivan12,
  title={Using effect size-or why the P value is not enough},
  author={Sullivan, G. M. and Feinn, R.},
  journal={Journal of graduate medical education},
  volume={4},
  number={3},
  pages={279--282},
  year={2012},
  publisher={The Accreditation Council for Graduate Medical Education Suite 2000, 515 North State Street, Chicago, IL 60654}
}

@article{lydersen09,
  title={Recommended tests for association in 2 $\times$ 2 tables},
  author={Lydersen, Stian and Fagerland, Morten W and Laake, Petter},
  journal={Statistics in medicine},
  volume={28},
  number={7},
  pages={1159--1175},
  year={2009},
  publisher={Wiley Online Library}
}

@article{ludbrook08,
  title={Analysis of 2 $\times$ 2 tables of frequencies: matching test to experimental design},
  author={Ludbrook, J.},
  journal={International journal of epidemiology},
  volume={37},
  number={6},
  pages={1430--1435},
  year={2008},
  publisher={IEA}
}

@article{sterne01,
  title={Sifting the evidence—what's wrong with significance tests?},
  author={Sterne, J. A. C. and Smith, G. D.},
  journal={Physical Therapy},
  volume={81},
  number={8},
  pages={1464--1469},
  year={2001},
  publisher={American Physical Therapy Association}
}

@article{nuzzo14,
  title={Statistical errors},
  author={Nuzzo, Regina and others},
  journal={Nature},
  volume={506},
  number={7487},
  pages={150--152},
  year={2014},
  publisher={Macmillan Publishers Ltd., London, England}
}

@article{gigerenzer04,
  title={Mindless statistics},
  author={Gigerenzer, Gerd},
  journal={The Journal of Socio-Economics},
  volume={33},
  number={5},
  pages={587--606},
  year={2004},
  publisher={Elsevier}
}

@article{wasserstein16,
  title={The ASA's statement on p-values: context, process, and purpose},
  author={Wasserstein, R., L. and Lazar, N. A.},
  journal={The American Statistician},
  volume={70},
  pages={??--??},
  year={2016}
}

@article{goodman08,
  title={A dirty dozen: twelve p-value misconceptions},
  author={Goodman, S.},
  booktitle={Seminars in hematology},
  volume={45},
  number={3},
  pages={135--140},
  year={2008},
  organization={Elsevier}
}

@book{halliday89,
  title={Spoken and written language},
  author={Halliday, M. A.},
  year={1989},
  publisher={Oxford University Press}
}

@book{kibrik14,
  title={Рассказы о сновидениях: {К}орпусное исследование устного русского дискурса},
  author={Кибрик, А. and Подлесская, В.},
  year={2014},
  publisher={Litres}
}

@book{chafe80,
  title={The Pear Stories: Cognitive, Cultural, and Linguistic Aspects of Narrative Production},
  author={Chafe, W. (ed.)},
  publisher={Ablex},
  adress = {Norwood},
  year={1980}
}

@book{everaert09,
	editor  = {Everaert, M. and Musgrave, S. and Dimitriadis, A.},
	title = {The use of Databases in Cross-Linguistic Studies},
	year={2009},
	publisher={Mouton de Gruyter},
	adress = {Berlin, New York}
}

@book{lyashevskaya09,
  title={Частотный словарь современного русского языка (на материалах Национального корпуса русского языка)},
  author={Ляшевская, О. Н. and Шаров, С. А.},
  year={2009},
  publisher={Азбуковник},
  adress = {М.}
}

@article{kumachov76,
  title={Теория генеалогического древа и вопросы дифференциации западнокавказских языков},
  author={Кумахов, М. А.},
  journal={Вопросы Языкознания},
  volume={6},
  pages={??--??},
  year={1976},
  adress = {М.}
}

@article{gudava37,
  title={Morphologie comparee et phonetique comparee. A propos des langues caucasiennes du nord},
  author={Dumezil, G.},
  journal={Bulletin de la Societe de Linguistique de Paris},
  volume={XXXVIII},
  pages={122--138},
  year={1937},
  adress = {Paris}
}

@article{dumezil37,
  title={Morphologie comparee et phonetique comparee. A propos des langues caucasiennes du nord},
  author={Dumezil, G.},
  journal={Bulletin de la Societe de Linguistique de Paris},
  volume={XXXVIII},
  pages={122--138},
  year={1937},
  adress = {Paris}
}

@article{kuipers63,
  title={Proto-Circassian Phonology: An Essay in Reconstruction},
  author={Kuipers, A. H.},
  journal={Studia Caucasica},
  volume={1},
  pages={56--92},
  year={1963},
  adress = {The Hague},
  publisher={Mouton}
}

@inproceedings{vergnaud82,
    author  = {Vergnaud, J.-R.},
    title   = {State of the Union Address},
    publisher = {Presented as the GLOW colloquium},
    adress = {Paris},
    year    = {1982}
}

@article{kaye85,
  title={The internal structure of phonological elements: a theory of charm and government},
  author={Kaye, J. and Lowenstamm, J. and Vergnaud, J.-R.},
  journal={Phonology},
  volume={2},
  number={01},
  pages={305--328},
  year={1990 (1985)},
  publisher={Cambridge Univ Press}
}

@book{prince08,
  title={Optimality Theory: Constraint interaction in generative grammar},
  author={Prince, A. and Smolensky, P.},
  year={2008 (1993)},
  publisher={John Wiley \& Sons}
}

@article{halle95,
  title={Feature geometry and feature spreading},
  author={Halle, M.},
  journal={Linguistic inquiry},
  pages={1--46},
  year={1995}
}

@article{mccarthy88,
  title={Feature geometry and dependency: A review},
  author={McCarthy, J. J.},
  journal={Phonetica},
  volume={45},
  number={2-4},
  pages={84--108},
  year={1988},
  publisher={Karger Publishers}
}

@phdthesis{sagey86,
  title={The representation of features and relations in non-linear phonology},
  author={Sagey, E. C.},
  year={1986},
  school={Massachusetts Institute of Technology}
}

@article{clements85,
  title={The geometry of phonological features},
  author={Clements, G. N.},
  journal={Phonology},
  volume={2},
  number={01},
  pages={225--252},
  year={1985},
  publisher={Cambridge Univ Press}
}

@incollection{donegan79,
	publisher={Indiana University Press},
	author={Donegan, P. and Stampe, D.},
	booktitle={Papers from the Fifth Regional Meeting},
	pages={126--173},
	year={1979},
	adress={Bloomington, London},
	editor    = {Dinnsen, D. A.},
  title={The study of natural phonology}
}

@book{stampe79,
  title={Dissertation on natural phonology},
  author={Stampe, D.},
  volume={22},
  year={1979 (1973)},
  publisher={Taylor \& Francis}
}

@article{topping68,
  title={Chamorro vowel harmony},
  author={Topping, D. M.},
  journal={Oceanic Linguistics},
  volume={7},
  number={1},
  pages={67--79},
  year={1968}
}

@incollection{stampe69,
	publisher={Chicago Linguistic Society},
	author={Stampe, D.},
	booktitle={Papers from the Fifth Regional Meeting},
	pages={433--444},
	year={1969},
	adress={Chicago},
	editor    = {Binnick, R. I.},
	title={The acquisition of phonetic representation}
}

@article{,
  title={The acquisition of phonetic representation. CLS 5.443-54.(1973). A dissertation on natural phonology},
  author={Stampe, D.},
  journal={Unpublished PhD thesis, University of Chicago},
  year={1969}
}

@book{kisseberth77,
  title={Topics in phonological theory},
  author={Kisseberth, C. and Kenstowicz, M.},
  year={1977},
  publisher={Academic Press},
  adress={New York}
}

@article{ohala74,
  title={The Abstractness Controversy: Experimental Input from Hindi},
  author={Ohala, M.},
  journal={Language},
  volume={50},
  number={2},
  pages={225--235},
  year={1974}
}

@article{hyman70,
  title={How Concrete is Phonology?},
  author={Hyman, L. M.},
  journal={Language},
  volume={46},
  number={1},
  pages={58--76},
  year={1970}
}

@article{kisseberth69,
  title={On the abstractness of phonology: the evidence from Yawelmani},
  author={Kisseberth, C},
  journal={Papers in Linguistics},
  volume={1},
  pages={242--282},
  year={1969}
}

@incollection{kiparsky73,
	publisher={TEC},
	author={Kiparsky, P.},
	booktitle={Three Dimensions of Linguistic Theory},
	pages={3--136},
	year={1973(1968)},
	adress={Tokyo},
	editor    = {Fujimura, O.},
	title={Phonological representations}
}

@incollection{kiparsky71,
	publisher={University of Maryland Linguistic Program, College Park},
	author={Kiparsky, P.},
	booktitle={A Survey of Linguistic Science},
	pages={576--642},
	year={1971},
	editor    = {Dingwall, W. O.},
	title={Historical linguistics}
}

@incollection{vennemann74,
	publisher={Englewood Cliffs, NJ, Prentice-Hall},
	author={Vennemann, T.},
	booktitle={Papers from the parasession on Natural Phonology},
	pages={346--374},
	year={1974},
	editor    = {Bruck, A. and R., Fox and M., La Galy},
	title={Words and syllables in natural generative grammar}
}

@book{hooper76,
  title={An introduction to natural generative phonology},
  author={Hooper, J. B.},
  year={1976},
  publisher={Academic Press}
}

@article{pullum76,
  title={The Duke of York gambit},
  author={Pullum, G. K.},
  journal={Journal of Linguistics},
  volume={12},
  number={01},
  pages={83--102},
  year={1976},
  publisher={Cambridge Univ Press}
}

@book{opie52,
  title={The Oxford dictionary of nursery rhymes},
  author={Opie, I. A. and Opie, P.},
  year={1997 (1952)},
  publisher={Clarendon Press}
}

@phdthesis{labov64,
  title={The social stratification of English in New York City.},
  author={Labov, W.},
  year={2006 (1964)},
  school={Columbia university.}
}


@phdthesis{goldsmith76,
  title={Autosegmental phonology},
  author={Goldsmith, J. A.},
  year={1976}
}

@article{kiparsky72,
  title={Explanation in phonology},
  author={Kiparsky, P.},
  journal={Goals of linguistic theory},
  volume={189},
  number={227},
  pages={454--68},
  year={1972},
  publisher={Englewood Cliffs, NJ: Prentice-Hall}
}

@incollection{halle64,
	publisher={Englewood Cliffs, NJ, Prentice-Hall},
	author={Halle, M.},
	booktitle={The structure of language},
	pages={324--323},
	year={1964},
	editor    = {Fodor, J. and J., Katz},
	title={On the bases of phonology}
}

@article{halle62,
  title={Phonology in generative grammar},
  author={Halle, M.},
  journal={Word},
  volume={18},
  pages={54--72},
  year={1962}
}

@article{chomsky67,
  title={Some general properties of phonological rules},
  author={Chomsky, N.},
  journal={Language},
  volume={43},  
  pages={102--128},
  year={1967}
}

@book{jakobson56,
  title={Fundamentals of Language},
  author={Jakobson, R. and Halle, M.},
  year={1956},
  address = {The Hague},
  publisher={Mouton}
}

@book{jakobson52,
  title={Preliminaries to speech analysis. The distinctive features and their correlates},
  author={Jakobson, R. and Fant, G. and Halle, M.},
  year={1952},
  publisher={MIT Press, Cambridge MA}
}

@book{avanesov45,
  title={Очерк грамматики русского литературного языка},
  author={Аванесов, Р. И. and Сидоров, В. Н.},
  year={1945},
  publisher={Учпедгиз Наркомпроса РСФСР}
}

@book{shcherba83,
  title={Русские гласные в качественном и количественном отношении},
  author={Щерба, Л. В.},
  year={1983 (1912)},
  address = {Ленинград},
  publisher={"Наука"}
}

@article{shcherba45,
  title={Очередные проблемы языковедения},
  author={Щерба, Л. В.},
  journal={Известия Академии Наук СССР},
  volume={4},
  pages={173--186},
  year={1945}
}

@book{scheer10,
  title={A guide to morphosyntax-phonology interface theories: how extra-phonological information is treated in phonology since Trubetzkoy’s Grenzsignale},
  author={Scheer, T.},
  year={2010},
  publisher={Walter de Gruyter}
}

@book{bloomfield68,
  title={Язык},
  author={Блумфилд, Л.},
  year={1968 (1933)},
  publisher={" Прогресс"}
}

@book{сourtenay71,
  title={Некоторые общие замечания о языковедении и языке},
  author={Бодуэн де Куртенэ, И. А.},
  pages={47--77},
  address = {Москва},
  year={1963 (1871)},
  publisher={Издательство академии наук СССР} 
}

@article{knyazev01,
  title={Еще раз к вопросу о соотношении фонетики и фонологии},
  author={Князев, С. В.},
  journal={Вестник Московского университета. Сер. 9, Филология},
  volume={6},
  pages={101--112},
  year={2001}
  }
  
@book{ohala87,
  title={Experimental phonology},
  author={Ohala, J. J.},
  journal={Proceedings of the Annual Meetings},
  volume={13},
  pages={207--222},
  year={1987},
  publisher={Berkeley Linguistic Society}
}

@article{mcgurk76,
  title={Hearing lips and seeing voices},
  author={McGurk, Harry and MacDonald, John},
  journal={Nature},
  volume={264},
  pages={746--748},
  year={1976}
}

@book{gick12,
  title={Articulatory phonetics},
  author={Gick, B. and Wilson, I. and Derrick, D.},
  year={2012},
  publisher={John Wiley \& Sons}
}

@book{bondarko91,
  title={Основы общей фонетики},
  author={Бондарко, Л. В. and Вербицкая, Л. А. and Гордина, М. В.},
 address = {Санкт-Петербург},
  year={1991},
  publisher={Изд-во С.-Петербургского ун-та}
}

@book{knyazev11,
  title={Современный русский литературный язык: фонетика, орфоэпия, графика и орфография},
  author={Князев, C. В. and Пожарицкая, С. К.},
 address = {Москва},
  year={2011},
  publisher={Академический Проект; Гаудеамус}
}

@book{kodzasov01,
  title={Общая фонетика},
  author={Кодзасов, C. В. and Кривнова, О. Ф.},
 address = {Москва},
  year={2001},
  publisher={РГГУ}
}

@article{zuur10,
  title={A protocol for data exploration to avoid common statistical problems},
  author={Zuur, Alain F and Ieno, Elena N and Elphick, Chris S},
  journal={Methods in Ecology and Evolution},
  volume={1},
  number={1},
  pages={3--14},
  year={2010},
  publisher={Wiley Online Library}
}

@book{cox06,
  title={Principles of statistical inference},
  author={Cox, David Roxbee},
  year={2006},
  publisher={Cambridge University Press}
}

@article{compton10,
	title={Word-formation by phase in Inuit},
	author={Compton, Richard and Pittman, Christine},
	journal={Lingua},
	volume={120},
	number={9},
	pages={2167--2192},
	year={2010},
	publisher={Elsevier}
}

@article{oberly08,
	title={An optimality-theoretic analysis of Navajo sibilant harmony},
	author={Oberly, Stacey},
	journal={Coyote Papers: Working Papers in Linguistics, Linguistic Theory at the University of Arizona},
	year={2008},
	publisher={University of Arizona Linguistics Circle}
}

@book{young87,
	title={The Navajo language: A grammar and colloquial dictionary (rev. ed.)},
	author={Young, Robert W and Morgan Sr, William},
	year={1987},
	address = {Albuquerque},
	publisher={University of New Mexico Press}
}

@book{heine08,
	title={A linguistic geography of Africa},
	author={Heine, Bernd and Nurse, Derek},
	year={2008},
	publisher={Cambridge University Press}
}

@incollection{pezik12,
	publisher={PWN},
	author={Pęzik, P.},
	booktitle={Narodowy Korpus Języka Polskiego},
	pages={253--273},
	year={2012},
	editor    = {Przepiórkowski, A. and M., Bańko and R., Górski and B., Lewandowska-Tomaszczyk},	title={\href{http://dspace.uni.lodz.pl:8080/xmlui/bitstream/handle/11089/1326/Wyszukiwarka%20PELCRA%20dla%20danych.pdf?sequence=2&isAllowed=y}{Wyszukiwarka PELCRA dla danych NKJP}}
}


@book{przepiorkowski12,
	title={\href{http://nkjp.pl/settings/papers/NKJP_ksiazka.pdf}{Narodowy Korpus Języka Polskiego}},
	author={Przepiórkowski, A. and M., Bańko and R., Górski and B., Lewandowska-Tomaszczyk},
	publisher={PWN},
		address = {Warszawa},
	year={2012}
}


@article{greenberg78,
	title={Generalizations about numeral systems},
	author={Greenberg, J. H.},
	journal={Universals of human language},
	volume={3},
	pages={249--295},
	year={1978},
	publisher={Stanford University Press Stanford}
}

@article{hammarstrom10,
	title={Rarities in numeral systems},
	author={Hammarstr{\"o}m, H.},
	journal={Rethinking universals: How rarities affect linguistic theory},
	pages={11--60},
	year={2010}
}

@article{fuentes10,
	title={Numeral-incorporating roots in numeral systems: A comparative analysis of two sign languages},
	author={Fuentes, Mariana and Massone, Mar{\'\i}a Ignacia and del Pilar Fern{\'a}ndez-Viader, Mar{\'\i}a and Makotrinsky, Alejandro and Pulgar{\'\i}n, Francisca},
	journal={Sign Language Studies},
	volume={11},
	number={1},
	pages={55--75},
	year={2010},
	publisher={Gallaudet University Press}
}

@book{melchuk85,
	title={Поверхностный синтаксис русских числовых выражений},
	author={Мельчук, И. А.},
	year={1985},
	publisher={Institut f{\"u}r Slavistik der Universit{\"a}t Wien}
}

@incollection{meir12,
	publisher={Walter de Gruyter},
	author={Meir, I.},
	booktitle={Sign language: An international handbook},
	pages={21--54},
	year={2012},
	editor    = {Pfau, R. and Steinbach, M. and Woll, B.},
	title={Word classes and word formation}
}

@book{jones13,
	title={Numeral incorporation in American Sign Language},
	author={Jones, V. L.},
	year={2013},
	publisher={The Univrsity of North Dakota}
}

@inproceedings{sagara13,
	title={Typology of cardinal numerals and numeral incorporation in sign languages},
	author={Sagara, K. and Zeshan, U.},
	booktitle={Poster presented at the 11th Theoretical Issues in Sign Language Research conference (TISLR11), University College London},
	pages={13--15},
	year={2013}
}

@article{fischer11,
	title={Numeral incorporation in Taiwan Sign Language},
	author={Fischer, S. and Hung, Y. and Liu, S.-K.},
	journal={Language and cognition: Festschrift in Honor of James HY. Tai on His 70th Birthday},
	pages={65--83},
	year={2011}
}

@incollection{sadock06,
	publisher={Elsevier},
	author={Sadock, J. M.},
	booktitle={Encyclopedia of Language and Linguistics},
	pages={584--587},
	year={2006},
	editor    = {Brown, K.},
	title={Incorporation}
}

@article{ktejik13,
	title={Numeral incorporation in Japanese Sign Language},
	author={Ktejik, M.},
	journal={Sign Language Studies},
	volume={13},
	number={2},
	pages={186--210},
	year={2013},
	publisher={Gallaudet University Press}
}

@article{zeshan03,
	title={Indo-Pakistani Sign Language grammar: a typological outline},
	author={Zeshan, U.},
	journal={Sign Language Studies},
	volume={3},
	number={2},
	pages={157--212},
	year={2003},
	publisher={Gallaudet University Press}
}

@article{stonham98,
	title={Numerals and incorporation in Nootka},
	author={Stonham, J.},
	journal={rd ICSNL},
	pages={384--394},
	year={1998}
}

@unpublished{chasan83,
	author={Chasan, S.},
	title = {Morphemic  analyses  of numeral  classifier},
	year = {1983},
	note = {Gallaudet College}}

@phdthesis{chinchor81,
	title={Morphological  theory  and  numerical incorporation  in American  Sign  Language},
	author={Chinchor, N.},
	year={1981},
	school={Brown University}
}

@unpublished{corina83,
	author={Corina, D.},
	title = {An  investigation  of numeral  incorporation in American  Sign  Language},
	year = {1983},
	note = {Gallaudet College}}

@unpublished{dekorte83,
	author={DeKorte, N.},
	title = {Numerical  incorporation  in YEAR  and  DECIMALS: a morphemic  analysis},
	year = {1983},
	note = {Gallaudet College}}

@unpublished{falvo83,
	author={Falvo, D.},
	title = {A morphemic  analysis of O'CLOCK, HOURS/MINUTES,  and HIGHWAY  LANES},
	year = {1983},
	note = {Gallaudet College}}

@unpublished{frishberg73,
	author={Frishberg,  N. and Gough, B.},
	title = {Morphology in American  Sign  Language},
	year = {1973},
	note = {The Salk  Institute}}

@unpublished{frishberg74,
	author={Frishberg,  N. and Gough, B.},
	title = {Time  on our  hands},
	year = {1974},
	note = {The Salk  Institute}}

@unpublished{kipila83,
	author={Kipila, B.},
	title = {Numeral  incorporation  in American  Sign Language:  A  review of the  literature, segmental  analysis of the signs AGE, HOUR, MINUTE.},
	year = {1983},
	note = {Gallaudet College}}

@unpublished{liddell84,
	author={Liddell, S. K. and Ramsey, F. and Corina D.},
	title = {Numeral  incorporation  and  numeral  classifiers in  American  Sign  Language},
	year = {1984},
	note = {Gallaudet College}}

@unpublished{powell83,
	author={Powell, F.},
	title = {How to score  points  in ASL},
	year = {1983},
	note = {Gallaudet College}}

@unpublished{sheridan83,
	author={Sheridan, M.},
	title = {MONTHS,  DECADES,  and SPEED:  Numerical
	incorporation  in American  Sign  Language},
	year = {1983},
	note = {Gallaudet College}}

@article{liddell96,
	title={Numeral Incorporating Roots and Non-Incorporating Prefixes in American Sign Language},
	author={Liddell, S. K.},
	journal={Sign Language Studies},
	volume={92},
	pages={221--226},
	year={1996}
}

@book{stokoe65,
	title={A  Dictionary of American  Sign Language on	Linguistic Principles},
	author={Stokoe, W. and  Casterline, D. and  Croneberg, C.},
	address = {Washington,  D. C.},
	year={1965},
	publisher={Gallaudet  College  Press}}

@article{saitou87,
	title={The neighbor-joining method: a new method for reconstructing phylogenetic trees.},
	author={Saitou, N. and Nei, M.},
	journal={Molecular biology and evolution},
	volume={4},
	number={4},
	pages={406--425},
	year={1987},
	publisher={SMBE}
}

@article{kassian10,
	title={The Swadesh wordlist. An attempt at semantic specification},
	author={Kassian, A. and Starostin, G. and Dybo, A. and Chernov, V.},
	journal={Journal of Language Relationship},
	volume={4},
	pages={46--89},
	year={2010}
}

@incollection{huson05,
	title = {Reconstruction of reticulate networks from gene trees},
	author = {Huson, D. H. and  Kl{\"o}pper, T. and Lockhart, P. J. and Steel, M. A.},
	booktitle = {Research in Computational Molecular Biology},
	editora = {S. Miyano},
	editorb = {J. Mesirov},
	editorc = {S. Kasif},
	editord = {S. Istrail},
	editore = {M. Waterman},
	editorf = {S. Kasif},
	publisher = {Springer},
	address = {Berlin},
	pages = {233--249},
	year = {2005}
}

@book{schmidt72,
	title={Die verwantschaftsverh{\"a}ltnisse der indogermanischen sprachen},
	author={Schmidt, J.},
	address = {Weimar},
	year={1872},
	publisher={Hermann Böhlau}
}

@book{dixon97,
	title={The rise and fall of languages},
	author={Dixon, R. M. W.},
	year={1997},
	address = {Cambridge},
	publisher={Cambridge University Press}
}

@book{aikhenvald06,
	title={Areal diffusion and genetic inheritance: problems in comparative linguistics},
	author={Aikhenvald, A. Y. and Dixon, R. M. W.},
	year={2006},
	address = {Oxford},
	publisher={Oxford University Press}
}

@book{cser03,
	title={The typology and modelling of obstruent lenition and fortition processes},
	author={Cser, A.},
	year={2003},
	publisher={Akad{\'e}miai Kiad{\'o}}
}

@book{fallon13,
	title={The synchronic and diachronic phonology of ejectives},
	author={Fallon, P. D.},
	year={2013},
	publisher={Routledge}
}

@book{schleicher52,
	title = {Die Formenlehre der kirchenslawischen Sprache},
	author = {Schleicher, A.},
	address = {Bonn},
	publisher={H. B. König},
	year={1852}
}

@book{kumachov13,
	title = {Кабардино-черкесский  язык},
	author = {М. А. Кумахов},
	address = {Нальчик},
	publisher={Институт гуманитарных исследований Правительства КБР и КБНЦ РАН},
	year={2013}
}

@incollection{scobbie08,
	title = {Quasi-phonemic contrast and the fuzzy inventory: Examples from Scottish English},
	author = {Scobbie, J. M. and Stuart-Smith, J.},
	booktitle = {Contrast in phonology: Perception and Acquisition},
	editora = {Avery, P.},
	editorb = {Dresher, B. E.},
	editorc = {Rice, K.},
	publisher = {Mouton de Gruyter},
	address = {Berlin},
	pages = {87--113},
	year = {2008}
}

@phdthesis{sulejmanov57,
	title={Грамматический очерк андийского языка (по данным говора с. Риквани)},
	author={Сулейманов, Я. Г.},
	year={1957},
	school={Институт Языкознания Академии Наук Союза ССР}
}

@article{anderson74,
	title={ Three theses concerning phonological representations},
	author={Anderson, J. M. and Jones, Ch.},
	journal={Journal of Linguistics},
	volume={10},
	pages={1--26},
	year={1974}
}

@book{anderson77,
	title={Underlying Representations},
	author={Anderson, J. M. and Jones, Ch.},
	address = {Amsterdam},
	publisher={North-Holland},
	year={1977}
}

@book{kraemer12,
	title={Underlying Representations},
	author={Krämer, M.},
	address = {Cambridge},
	publisher={Cambridge University Press},
	year={2012}
}

@article{catford42,
	title={The Kabardian language},
	author={Catford, J. C.},
	journal={Maître Phonétique},
	volume={77},
	pages={15--18},
	year={1942}
}

@phdthesis{applebaum13,
	title={Prosody and Grammar in Kabardian},
	author={Applebaum, A. A. B.},
	year={2013},
	school={University of Calefornia, Santa Barbara}
}

@book{trubetzkoy00,
	title={Основы фонологии / Пер с нем. А. А. Холодовича},
	author={Трубецкой, Н. С.},
	address = {М.},
	publisher={Аспект Пресс},
	year={2000 (1939)}
}

@article{fernandez14,
	title={Do we need hundreds of classifiers to solve real world classification problems?},
	author={Fern{\'a}ndez-Delgado, Manuel and Cernadas, Eva and Barro, Sen{\'e}n and Amorim, Dinani},
	journal={The Journal of Machine Learning Research},
	volume={15},
	number={1},
	pages={3133--3181},
	year={2014}
}

@incollection{zaliznyak79,
	title={О понятии графемы},
	author={Зализняк, А. А.},
	booktitle={Balcanica. Лингвистические исследования},
	pages={134--153},
	address = {М.},
	publisher={Наука},
	year={1979}
}

@book{kibrik90,
	title={Сопоставительное изучение дагестанских языков. Имя. Фонетика},
	author={Кибрик, А. Е. and Кодзасов, С. В.},
	year={1990},
	publisher={МГУ}
}

@incollection{alekseev99,
	title={Андийский язык},
	author={Алексеев, М. Е.},
	booktitle={Языки мира: Кавказские языки},
	pages={220--228},
	year={1999},
	address = {М.},
	publisher={Academia}
}

@book{gudava64,
	title={Консонантизм андийских языков},
	author={Гудава, Т. Е.},
	adress={Тбилиси},
	year={1964},
		publisher={Мецниереба}
}

@phdthesis{zaleska07,
	title={Approaches to {P}honological {O}pacity in {O}ptimality {T}heory: {S}ympathy and {DOT}},
	author={Zaleska, J.},
	year={2007},
	school={Uniwersytet Warszawski, Wydział Neofilologii}
}

@article{inkelas03,
	title={Is grammar dependence real},
	author={Inkelas, Sharon and Zoll, Cheryl},
	journal={Ms, UC Berkeley and MIT. ROA-587},
	year={2003}
}

@article{jaafar12,
	title={Co-phonology vs. Indexed constraint theory: a case study of Perak dialect partial reduplication},
	author={Jaafar, Syed and Raihan, Sharifah and others},
	year={2012},
	publisher={Asia-Pacific Linguistics}
}

@inproceedings{pater04,
	title={Exceptions in Optimality Theory: typology and learnability},
	author={Pater, Joe},
	booktitle={Talk given in the Conference on Redefining Elicitation: Novel Data in Phonological Theory. New York University},
	year={2004}
}

@book{mccarthy11,
	title={Doing optimality theory: Applying theory to data},
	author={McCarthy, John J},
	year={2011},
	publisher={John Wiley \& Sons}
}

@misc{arkadiev12,
	title={Cюжеты из морфологии и морфонологии уляпского глагола (экспедиционный хэндаут)},
	author={Аркадьев, П. М.},
	year={2012}
}

@incollection{moroz12,
	title={Ударение в уляпском говоре кабардинского языка},
	author={Мороз, Г. A.},
	booktitle={Проблемы языка: Сборник научных статей по материалам Первой конференции-школы <<Проблемы языка: взгляд молодых ученых>>},
	pages={190--204},
	year={2012},
    address = {М.},
	publisher={Институт языкознания РАН}
}

@book{chang12,
  title={R graphics cookbook},
  author={Chang, Winston},
  year={2012},
  publisher={" O'Reilly Media, Inc."}
}



@book{dog14sch,
  title={Çerkesçe Ders Kitabi},
  author={Doğ, S. and Kılıç, M. and Kablan, S. and Tarı, N. and Öz, E},
  year={2014},
  publisher={Adiğe Dil Derneği Tarafindan Hazırlanmıştır}
}

@book{dog14,
  title={S\"ozl\"uk T\"urkçe-Adığçe, Adığçe-T\"urkçe},
  author={Doğ, S. and Kılıç, M. and Kablan, S. and Tarı, N.},
  year={2014},
  publisher={Adiğe Dil Derneği Tarafindan Hazırlanmıştır}
}

@article{smeets80,
  title={A {C}ircassian {M}evlid},
  author={Smeets, R.},
  journal={Studies in Slavic and General Linguistics},
  pages={323--335},
  year={1980}
}

@book{landau84,
  title={Atat{\"u}rk and the Modernization of Turkey},
  author={Landau, J. M.},
  year={1984},
  publisher={Brill}
}

@book{isaev79,
  title={Языковое строительство в {СССР}: процессы создания письменностей народов {СССР}},
  author={Исаев, М. И.},
  year={1979},
    address = {М.},
  publisher={Наука}
}

@incollection{gorbunova09,
  title={Посессивные конструкции},
  author={Горбунова, И. М.},
  booktitle={Аспекты полисинтетизма: очерки по грамматике адыгейского языка},
  pages={146--165},
  year={2009},
  address = {М.},
  publisher={РГГУ}
}

@incollection{koryakov02,
  title={Caucasian languages in {T}urkey},
  author={Koryakov, Y. B.},
  booktitle={Atlas of the Caucasian languages},
  year={2002},
  address = {Moscow},
  publisher={Institute of Linguistics RAS}
  }

@book{pickles95,
  title={Ground truth: The social implications of geographic information systems},
  author={Pickles, John},
  year={1995},
  publisher={Guilford Press}
}

@article{goodchild97,
  title={What is geographic information science?, NCGIA Core Curriculum in GIScience},
  author={Goodchild, MF},
  year={1997}
}

@article{burrough86,
  title={Principles of geographical information systems for land resources assessment},
  author={Burrough, Peter A},
  year={1986},
  publisher={Taylor \& Francis}
}

@article{maguire91,
  title={An overview and definition of GIS},
  author={Maguire, D. J.},
  journal={Geographical Information Systems: principles and applications},
  volume={1},
  pages={9--20},
  year={1991},
  publisher={Longman Scientific \& Technical New York}
}

@misc{decree843,
   title={О мероприятиях по переселению населения, переносу
на новые места и сносу строений и сооружений в связи
со строительством Краснодарского водохранилища на р. Кубани},
  author={Постановление №843 от 22 октября, Совет Министров СССР},
  year={1969}
}

@misc{decree651,
   title={О некоторых вопросах, связанных с применением
постановления совета министров СССР от 15 декабря 1961 г.
N 1131 <<о порядке возмещения гражданам стоимости принадлежащих им строений, сносимых в городах, поселках городского типа и других населенных пунктах в связи с отводом земельных участков для государственных и общественных надобностей>>},
  author={Постановление №651 от 16 августа, Совет Министров СССР},
  year={1966}
}

@misc{decree1131,
   title={О порядке возмещения гражданам стоимости принадлежащих им жилых домов, других строений и устройств, сносимых в связи с изъятием земельных участков для государственных или общественных нужд, и обеспечения их жилой площадью},
  author={Постановление №1131 от 15 декабря, Совет Министров СССР},
  year={1961}
}

@book{ladurie78,
  title={Le territoire de l'historien},
  author={Le Roy Ladurie, E.},
  year={1978},
  publisher={Gallimard}
}

@book{gold12,
  title={Debates in the digital humanities},
  author={Gold, Matthew K},
  year={2012},
  publisher={University of Minnesota Press}
}

@book{kanevski13,
  title={Advanced mapping of environmental data},
  author={Kanevski, Mikhail},
  year={2013},
  publisher={John Wiley \& Sons}
}

@book{ian10,
  title={An introduction to geographical information systems},
  author={Ian, Heywood},
  year={2010},
  publisher={Pearson Education India}
}

@book{schreibman08,
  title={A companion to digital humanities},
  author={Schreibman, Susan and Siemens, Ray and Unsworth, John},
  year={2008},
  publisher={John Wiley \& Sons}
}

@book{berry12,
  title={Understanding digital humanities},
  author={Berry, David M},
  year={2012},
  publisher={Palgrave Macmillan}
}

@incollection{francois14,
  title={Trees, waves and linkages: models of language diversification},
  author={François, A.},
  booktitle={The Routledge handbook of historical linguistics},
  pages={161--189},
  year={2014},
  publisher={Routledge}
}

@incollection{dunn14,
  title={Language phylogenies},
  author={Dunn, M.},
  booktitle={The Routledge handbook of historical linguistics},
  pages={190--211},
  year={2014},
  publisher={Routledge}
}

@article{saitou87,
  title={The neighbor-joining method: a new method for reconstructing phylogenetic trees.},
  author={Saitou, N. and Nei, M.},
  journal={Molecular biology and evolution},
  volume={4},
  number={4},
  pages={406--425},
  year={1987},
  publisher={SMBE}
}

@article{dunn05,
  title={Structural phylogenetics and the reconstruction of ancient language history},
  author={Dunn, M. and Terrill, A. and Reesink, G. and Foley, R. A. and Levinson, S. C.},
  journal={Science},
  volume={309},
  number={5743},
  pages={2072--2075},
  year={2005},
  publisher={American Association for the Advancement of Science}
}

@article{heggarty10,
  title={Splits or waves? Trees or webs? How divergence measures and network analysis can unravel language histories},
  author={Heggarty, P. and Maguire, W. and McMahon, A.},
  journal={Philosophical Transactions of the Royal Society B: Biological Sciences},
  volume={365},
  number={1559},
  pages={3829--3843},
  year={2010},
  publisher={The Royal Society}
}

@article{bandelt92,
  title={A canonical decomposition theory for metrics on a finite set},
  author={Bandelt, H.-J. and Dress, A. W. M.},
  journal={Advances in mathematics},
  volume={92},
  number={1},
  pages={47--105},
  year={1992},
  publisher={Elsevier}
}

@incollection{bryant02,
  title={NeighborNet: An agglomerative method for the construction of planar phylogenetic networks},
  author={Bryant, D. and Moulton, V.},
  booktitle={Algorithms in Bioinformatics},
  pages={375--391},
  year={2002},
  publisher={Springer}
}

@article{huson06,
  title={Application of phylogenetic networks in evolutionary studies},
  author={Huson, D. H. and Bryant, D.},
  journal={Molecular biology and evolution},
  volume={23},
  number={2},
  pages={254--267},
  year={2006},
  publisher={SMBE}
}

@article{bryant07,
  title={Consistency of the neighbor-net algorithm},
  author={Bryant, D. and Moulton, V. and Spillner, A.},
  journal={Algorithms Mol Biol},
  volume={2},
  number={8},
  pages={29},
  year={2007}
}

@incollection{shagirov69,
publisher={Кабардино-балкарский научно-исследовательский институт при совете министров КБАССР},
  author={Шагиров, А. К.},
  booktitle={Очерки по кабардино-черкесской диалектологии},
    pages={290--329},
  year={1969},
  editor    = {Кумахов, М. А.},
    title={Малкинский говор},
    address  =  {Нальчик}
}

@incollection{mamreshev69,
publisher={Кабардино-балкарский научно-исследовательский институт при совете министров КБАССР},
  author={Мамрешев, К. Т.},
  booktitle={Очерки по кабардино-черкесской диалектологии},
    pages={249--289},
  year={1969},
  editor    = {Кумахов, М. А.},
    title={Баксанский диалект},
    address  =  {Нальчик}
}

@incollection{kumachov69art,
publisher={Кабардино-балкарский научно-исследовательский институт при совете министров КБАССР},
  author={Кумахов, М. А.},
  booktitle={Очерки по кабардино-черкесской диалектологии},
    pages={190--248},
  year={1969},
  editor    = {Кумахов, М. А.},
    title={Кубанский диалект},
    address  =  {Нальчик}
}

@incollection{kuasheva69,
publisher={Кабардино-балкарский научно-исследовательский институт при совете министров КБАССР},
  author={Куашева, Т. Х.},
  booktitle={Очерки по кабардино-черкесской диалектологии},
    pages={119--189},
  year={1969},
  editor    = {Кумахов, М. А.},
    title={Терские говоры},
    address  =  {Нальчик}
}

@incollection{balkarov69,
publisher={Кабардино-балкарский научно-исследовательский институт при совете министров КБАССР},
  author={Балкаров, Б. Х.},
  booktitle={Очерки по кабардино-черкесской диалектологии},
    pages={76--118},
  year={1969},
  editor    = {Кумахов, М. А.},
    title={Бесленеевский диалект},
    address  =  {Нальчик}
}

@incollection{bagov69,
publisher={Кабардино-балкарский научно-исследовательский институт при совете министров КБАССР},
  author={Багов, П. М.},
  booktitle={Очерки по кабардино-черкесской диалектологии},
    pages={9--75},
  year={1969},
  editor    = {Кумахов, М. А.},
    title={Кубано-зеленчукские говоры кабардино-черкесского языка},
    address  =  {Нальчик}
}

@book{kuipers75,
  title={A dictionary of proto-Circassian roots},
  author={Kuipers, A. H.},
  year={1975},
  address  =  {Lisse},
  publisher={Peter de Ridder Press}
}

@article{jakovlev28,
  title={Краткий обзор черкесских (адыгейских) наречий и языков},
  author={Яковлев, Н.},
  journal={Записки Северо-Кавк. Краевого горского научно-иссл. ин-та},
  volume = {1},
  pages = {1--124},
address  =  {Ростовна-Дону},
  year={1928}
}

@book{ashchamaf39,
author    =  {Ашхамаф, Д. А.},
title     =  {Краткий обзор адыгейских диалектов},
year       =  {1939},
publisher = {Адыгнациздат},
address  =  {Майкоп}
}

@book{kumachov69,
author    =  {Кумахов, М. А.},
title     =  {Очерки по кабардино-черкесской диалектологии},
year       =  {1969},
publisher = {Кабардино-балкарский научно-исследовательский институт при совете министров КБАССР},
address  =  {Нальчик}
}

@book{jakovlev23,
author    =  {Яковлев, Н. Ф.},
title     =  {Таблицы фонетики кабардинского языка},
year       =  {1924},
publisher = {Институт востоковедения},
address  =  {Москва}
}

@book{jakovlev48,
  title={Грамматика литературного кабардино-черкесского языка},
  author={Яковлев, Н. Ф.},
  year={1948},
  publisher={Изд-во Академии наук СССР}
}

@misc{jakovlev38,
  title={Краткая грамматика кабардино-черкесского языка},
  author={Яковлев, Н. Ф.},
  year={1938},
  address={Ворошиловск}
}

@book{janashia29,
  title={Черкесские дневники},
  author={Джанашиа, С.},
  year={2007/1929},
  publisher={Кавказский дом},
  address  =  {Тбилиси}  
}

@book{loewe54,
  title={A Dictionary of the Circassian Language},
  author={Loewe, L.},
  year={1854},
  publisher={George Bell}
}

@book{chan-girey30,
title={Записки о Черкесии},
  author={Хан-Гирей},
  year={1978/1830},
  publisher={Эльбрус},
  address  =  {Нальчик}
}

@book{bronevskiy23,
title={Историческое, топографическое, статистическое, этнографическое и военное описание Кавказа},
  author={Броневский, С. М.},
  year={1823},
  publisher={типография С. Селивановского},
  address  =  {М.}
}

@book{blaramberg32,
title={Историческое, топографическое, статистическое, этнографическое и военное описание Кавказа},
  author={Бларамберг, И. Ф.},
  year={2010/1832},
  publisher={Надыршин},
  address  =  {М.}
}

@book{nogmov61,
  title={Исторiя адыхейскаго народа, составленная по преданiямъ Кабардинцевъ},
  author={Ногмов, Ш. Б.},
  year={1861},
  publisher={Типографiя Управленiя Намѣстника Кавказскаго},
  address  =  {Тифлис}
}

@book{gishev09,
  title={От первых записей слов до начала научного изучения адыгейского языка (520 г. до н.э. – 1920-е годы н.э.)},
  author={Гишев, Н. Т.},
  year={2009},
  publisher={Полиграф-Юг},
  address  =  {Майкоп}
}

@book{uslar87,
author    =  {Услар, П. К.},
title     =  {Абхазский язык},
year       =  {1887},
publisher = {Типография Канцелярии Главночальствующего гражданской частью на Кавказе},
series = {Этнография Кавказа},
address  =  {Тифлис}
}

@book{gries13,
  title={Statistics for linguistics with R: a practical introduction},
  author={Gries, S. T.},
  year={2013},
  publisher={Walter de Gruyter}
}

@book{stefan09,
   title =     {Quantitative Corpus Linguistics with R: A Practical Introduction},
   author =    {Gries, S. T.},
   year =      {2009},
   publisher = {Routledge},
   isbn =      {0415962714,9780415962711},
   address = {New York, London}
}

@book{everitt06,
   title =     {A handbook of statistical analyses using R},
   author =    {Everitt, B. S. and Hothorn, T.},
   year =      {2006},
   publisher = {Chapman \& Hall/CRC},
   isbn =      {9781420010657,9781584885399,1584885394},
   address = {Boca Raton, London, New York}
}

@book{baayen08,
  title={Analyzing Linguistic Data. A Practical Introduction to Statistics Using R},
  author={Baayen, R. H.},
  year={2008},
  publisher={Cambridge University Press}
}

@book{allerhand11,
  title={A tiny handbook of R},
  author={Allerhand, M.},
  year={2011},
  publisher={Springer Science \& Business Media}
}

@book{mastickiy14,
  title={Статистический анализ и визуализация данных с помощью R},
  author={Мастицкий, С. Э. and Шитиков, В. К.},
  year={2014},
  howpublished = "\url{http://r-analytics.blogspot.com}",
   address = {Хайдельберг, Лондон, Тольятти}
}

@incollection{WALS13,
	publisher = {Max Planck Institute for Evolutionary Anthropology},
	author    = {Rob Goedemans and Harry van der Hulst},
	booktitle = {The World Atlas of Language Structures Online},
	year      = {2013},
	editor    = {Matthew S. Dryer and Martin Haspelmath},
	address   = {Leipzig},
	title     = {Rhythm Types}
}
@article{gillam07,
  title={Developments in language codes standards},
  author={Gillam, L. and Garside, D. and Cox, C.},
  booktitle={ Data Structures for Linguistic Resources and Applications},
editor    = {Rehm and Witt and Lemnitzer},
  pages={11--13},
  year={2007}
}

@book{balkarov79,
  title={Введение в абхазо-адыгское языкознание},
  author={Балкаров, Б. Х.},
  year={1979},
  publisher={Кабардино-Балкарский государственный университет},
   address = {Нальчик}
}

@book{colarusso88,
  title={The Northwest Caucasian languages: A phonological survey},
  author={Colarusso, J.},
  year={1988},
  publisher={Garland Publishing, Inc.},
   address = {New York, London}
}

@article{hewitt05,
  title={North West Caucasian},
  author={Hewitt, George},
  journal={Lingua},
  volume={115},
  number={1},
  pages={91--145},
  year={2005},
  publisher={Elsevier}
}

@article{haugen66,
  title={Dialect, Language, Nation1},
  author={Haugen, E.},
  journal={American anthropologist},
  volume={68},
  number={4},
  pages={922--935},
  year={1966},
  publisher={Wiley Online Library}
}

@incollection{dresher03,
publisher={John Benjamins Publishing},
  author={Dresher, B. E.},
  booktitle={Asymmetry in grammar},
  volume={2},
    pages={239--257},
  year={2003},
  editor    = {di Sciullo, A.-M.},
    title={Contrast and asymmetries in inventories}
}

@book{sandler06,
  title={Sign language and linguistic universals},
  author={Sandler, Wendy and Lillo-Martin, Diane},
  year={2006},
  publisher={Cambridge University Press}
}

@book{brentari98,
  title={A prosodic model of sign language phonology},
  author={Brentari, D.},
  year={1998},
  publisher={MIT Press},
    address = {Cambridge, MA}
}

@incollection{mauk04,
publisher={Walter de Gruyter},
  author={Mauk, C. E. and Lindblom, B. and Meier, R. P.},
  booktitle={Signs of the Time: Selected Papers from TISLR 2004},
  pages={3-23},
  year={2004},
  editor    = {Quer, J.},
  title={Undershoot of ASL locations in fast signing}
}

@article{coulter93,
  title={Phrase-level prosody in ASL: Final lengthening and phrasal contours},
  author={Coulter, G. R.},
  journal={Phonetics and phonology},
  volume={3},
  pages={263--272},
  year={1993}
}

@book{battison78,
  title={Lexical Borrowing in American Sign Language},
  author={Battison, R.},
  year={1978},
  publisher={Linstok Press},
  address = {Silver Spring, MD}
}

@phdthesis{mauk03,
  title={Undershoot in two modalities: Evidence from fast speech and fast signing},
  author={Mauk, C. E.},
  year={2003},
  school={The University of Texas at Austin}
}

@phdthesis{cheek01,
  title={The phonetics and phonology of handshape in American Sign Language},
  author={Cheek, D. A.},
  year={2001},
  school={University of Texas at Austin}
}

@phdthesis{kumaxov55,
  title={Особенности кубанского диалекта кабардино-черкесского языка},
  author={Кумахов, М. А.},
  year={1955},
  school={Институт языкознания АН СССР}
}

@article{ormel13,
  title={Coarticulation of hand height in Sign Language of the Netherlands is affected by contact type},
  author={Ormel, E. and Crasborn, O. and van der Kooij, E.},
  journal={Journal of Phonetics},
  volume={41},
  number={3},
  pages={156--171},
  year={2013},
  publisher={Elsevier}
}

@book{parkhurst10,
  title={A Cross-Linguistic Guide to SignWriting{\textregistered}},
  author={Parkhurst, S. and Parkhurst, D.},
  year={2010}
}

@article{stokoe60,
  title={Sign language structure: An outline of the visual communication systems of the American deaf},
  author={Stokoe, W. C.},
  journal={Journal of deaf studies and deaf education},
  volume={10},
  number={1},
  pages={3--37},
  year={1960},
  publisher={Oxford Univ Press}
}

@article{trommer08,
  title={Multiple-Feature Mutation and ‘Realize Morpheme’},
  author={Trommer, J.},
  journal={Linguistische Arbeitsberichte},
  volume={87},
  pages={163--182},
  year={2008}
}

@article{siple78,
  title={Visual constraints for sign language communication},
  author={Siple, P.},
  journal={Sign Language Studies},
  volume={19},
  number={1},
  pages={95--110},
  year={1978},
  publisher={Gallaudet University Press}
}

@book{hoehlig03,
  title={Фонетическое описание звуков литературного адыгейского языка},
  author={Хёлиг, М.},
  year={2003},
  address = {Майкоп}
  }

@incollection{brentari12,
publisher={Walter de Gruyter},
  author={Brentari, D.},
   booktitle={Sign language: An international handbook},
  pages={21--54},
  year={2012},
  editor    = {Pfau, R. and Steinbach, M. and Woll, B.},
  title={Phonology}
}

@incollection{crasborn12,
publisher={Walter de Gruyter},
  author={Crasborn, O.},
   booktitle={Sign language: An international handbook},
  pages={4-20},
  year={2012},
  editor    = {Pfau, R. and Steinbach, M. and Woll B.},
  title={Phonetics}
}

@article{perlmutter92,
  title={Sonority and syllable structure in American Sign Language},
  author={Perlmutter, D. M.},
  journal={Linguistic inquiry},
  volume={23},
  number={3},
  pages={407--442},
  year={1992}
}

@incollection{wilbur11,
publisher={John Wiley \& Sons},
  author={Wilbur, R.},
   booktitle={The Blackwell companion to Phonology},
  pages={1309--1334},
  year={2011},
  editor    = {van Oostendorp, M. and Ewen, C. J. and Hume, E. V. and Rice, K.},
  title={Sign syllables}
 }

@incollection{brentari11,
publisher={John Wiley \& Sons},
  author={Brentari, D.},
   booktitle={The Handbook of Phonological Theory},
  pages={691--721},
  year={2011},
  editor    = {Goldsmith, J. A. and Riggle, J. and Alan, C. L.},
  title={Sign language phonology}
 }

@book{pfau12,
  title={Sign language: An international handbook},
  author={Pfau, R. and Steinbach, M. and Woll, B.},
  volume={37},
  year={2012},
  publisher={Walter de Gruyter}
}

@phdthesis{chirikba86,
  title={Система свистяще-шипящих согласных в абхазо-адыгских языках},
  author={Чирикба, В. А.},
  year={1986},
  school={Институт языкознания АН СССР}
}

@book{txarkaxo93,
	title={Чемгуйский диалект и его место среди других адыгских диалектов},
	author={Тхаркахо, Ю. А.},
	year={1993},
	address = {Майкоп},
	publisher={Адыгейский республиканский институт гуманитарных исследований}
}

@book{kumachova72,
  title={Абадзехский диалект и его место среди других адыгских диалектов},
  author={Кумахова, З. Ю.},
  year={1972},
  address = {Нальчик},
  publisher={Эльбрус}
}

@article{archangeli88,
  title={Aspects of underspecification theory},
  author={Archangeli, D.},
  journal={Phonology},
  volume={5},
  pages={183--207},
  year={1988},
  publisher={Cambridge University Press}
}

@incollection{archangeli85,
  publisher={Linguistic Area Program},
  author={Archangeli, D.},
  booktitle={In memory of Roman Jakobson: papers from the 1984 Mid-America Linguistics Conference},
  pages={3--15},
  year={1985},
  editor    = {G. Youmans},
  address   = {Columbia},
  title={Underspecification in underlying representation}
 }

@phdthesis{archangeli84,
  title={Underspecification in Yawelmani phonology and morphology},
  author={Archangeli, D.},
  year={1984},
  school={Massachusetts Institute of Technology}
}

@article{pulleyblank86,
  title={Underspecification and low vowel harmony in Okpe},
  author={Pulleyblank, D.},
  journal={Studies in African Linguistics},
  volume={17},
  pages={119--153},
    year={1986}
}

@phdthesis{mohanan82,
  title={Lexical phonology},
  author={Mohanan, K. P.},
  year={1982},
  school={Massachusetts Institute of Technology}
}

@article{kiparsky85,
  title={Some consequences of lexical phonology},
  author={Kiparsky, P.},
  journal={Phonology},
  volume={2},
  number={01},
  pages={85--138},
  year={1985},
  publisher={Cambridge Univ Press}
}

@incollection{kiparsky82,
  publisher={Foris},
  author={Kiparsky, P.},
  booktitle={The structure of phonological representations},
  volume={1},
  pages={131--175},
  year={1982},
  editor    = {van der Hulst, H., N. Smith},
  address   = {Dordrecht},
  title={From cyclic phonology to lexical phonology}
}

@inproceedings{clements88,
  title={Toward a substantive theory of feature specification},
  author={Clements, G. N.},
  booktitle={Proceedings of the Annual Meeting of the North East Linguistic Society},
  volume={18},
  pages={79--93},
  year={1988}
}

@incollection{steriade87,
  publisher = {Chicago Linguistic Society},
  author    = {Steriade, D.},
  booktitle = {Papers from the Parasession on Autosegmental and Metrical Phonology},
  pages={339--362},
  year      = {1987},
  editor    = {A. Bosch, В. Need, E. Schiller},
  address   = {Chicago},
  title     = {Redundant values}
}

@incollection{steriade93,
  publisher = {Academic Press},
  author={Steriade, D.},
  booktitle={Nasals,  Nasalization, and  the  Velum},
  pages={401--470},
  year={1993},
  editor  = {M. K. Huffman, R. A. Krakow},
  address   = {San Diego},
  title={Closure, release, and nasal contours}
}

@book{harms68,
  title={Introduction to phonological theory},
  author={Harms, R. T.},
  year={1968},
  address = {New York},
    publisher={Prentice Hall}
}

@article{stanley67,
  title={Redundancy rules in phonology},
  author={Stanley, R.},
  journal={Language},
  pages={393--436},
  year={1967},
  volume = {43}
}

@book{chomsky68,
  title={The sound pattern of English.},
  author={Chomsky, N. and Halle, M.},
  year={1968},
  address = {New York, Evanston, London},
  publisher={Harper \& Row}
}

@book{ashkhamaf39,
  title={Краткий обзор адыгейских диалектов},
  author={Ашхамаф, Д. А.},
  year={1939},
  address = {Майкоп},
  publisher={Адыгнациздат}
}

@book{kerasheva57,
title={Особенности шапсугского диалекта адыгейского языка},
author={Керашева, З. И.},
address = {Майкоп},
year={1957},
publisher={Адыгейское книжное изд-во}
}

@book{lulje46,
  title={Словарь русско-черкесский или адигский, с краткой грамматикой сего последнего языка},
  author={Люлье, Л.},
  year={1846},
  address = {Одесса},
  publisher={Городская типография г. Одессы}
}

@ARTICLE{mccarthy99,
    author = {McCarthy, J. J.},
    title = {Sympathy and phonological opacity},
    journal = {Phonology},
    year = {1999},
    volume = {16},
    pages = {331--399}
}
@article{rubach03,
title	= {Polish palatalization in derivational optimality theory},
author	= {Jerzy Rubach},
publisher	= {Elsevier Science},
journal	= {Lingua},
year	= {2003},
volume	= {113},
issue	= {3},
page	= {0--237},
}
@phdthesis{rodier98,
author    =  {Rodier, D.},
title     =  {Prosodic domains in {O}ptimality {T}heory},
school = {McGill University},
year = {1998}
}
@phdthesis{hyde01,
author    =  {Hyde, B. D.},
title     =  {Metrical and prosodic structure in {O}ptimality {T}heory},
school = {The State University of New Jersey},
year = {2001}
}
@phdthesis{becker-kristal10,
author    =  {Becker-Kristal, R.},
title     =  {Acoustic typology of vowel inventories and {D}ispersion {T}heory: {I}nsights from a large cross-linguistic corpus},
school = {USLA},
year = {2010}
}
@book{mohanan86,
  title={The theory of {L}exical {P}honology},
  author={Mohanan,  K. P.},
  series={Publications in language sciences},
  year={1986},
  address   = {Dordrecht},
  publisher={Reidel}
}

@book{kiparsky82b,
  title={Explanation in phonology},
  author={Kiparsky, P.},
  series={Publications in language sciences},
  year={1982},
  publisher={Foris Publications}
}

@book{hulst1999,
  title={Word Prosodic Systems in the Languages of Europe},
  editor={van der Hulst, H.},
  series={Empirical approaches to language typology},
  url={http://books.google.ru/books?id=gDiqDQqO2hwC},
  year={1999},
  publisher={Mouton de Gruyter}
}

@article{hayes85,
  author    =  {Hayes, B.},
  title={Iambic and trochaic rhythm in stress rules},
  journal={ Berkeley  Linguistics  Society},
  volume={13},
  pages={429--446},
  year={1985}
}
@unpublished{kiparsky91,
title={Catalexis},
author={Paul Kiparsky},
year={1991},
note={Unpublished Ms., Stanford University}
}
@incollection{goedemans_hulst13,
  publisher = {Max Planck Institute for Evolutionary Anthropology},
  author    = {Rob Goedemans and Harry van der Hulst},
  booktitle = {The World Atlas of Language Structures Online},
  year      = {2013},
  editor    = {Matthew S. Dryer and Martin Haspelmath},
  address   = {Leipzig},
  title     = {Rhythm Types}
}
@article{lloret91,
  title={Moras or skeletal units? {A} question of parametric variation},
  author={Maria-Rosa Lloret},
  journal={Catalan Working Papers in Linguistics (CWPL)},
  volume={149},
  pages={149--165},
  year={1991}
}
@article{debbi77,
title	= {Stressing Words in -Ative},
author	= {Debbie L. Nanni},
publisher	= {MIT Press},
journal	= {Linguistic Inquiry},
year	= {1977},
volume	= {8},
issue	= {4},
page	= {752--763}
}
@article{liberman_prince77,
title	= {On Stress and Linguistic Rhythm},
author	= {Mark Liberman and Alan Prince},
publisher	= {MIT Press},
journal	= {Linguistic Inquiry},
year	= {1977},
volume	= {8},
issue	= {2},
page	= {249--336}
}
@phdthesis{liberman75,
author    =  {Liberman, M.},
title     =  {The intonational system of {E}nglish},
school = {MIT},
year = {1975}
}
@phdthesis{orgun96,
author    =  {Orgun, C. O.},
title     =  {Sign-{B}ased {M}orphology and {P}honology with special attention to {O}ptimality {T}heory},
school = {University of California, Berkeley},
year = {1996}
}
@book{inkelas_zoll05,
author    =  {
Inkelas, Sharon and Zoll, Cheryl},
title     =  {Reduplication Doubling in Morphology},
year       =  {2005},
publisher = {Cambridge University Press},
address  =  {Cambridge}
}
@book{inkelas_zoll07,
title	= {Is grammar dependence real? A comparison between cophonological and indexed constraint approaches to morphologically conditioned phonology},
author    =  {
Inkelas, Sharon and Zoll, Cheryl},
journal	= {Linguistics},
year	= {2007},
volume	= {45},
page	= {133--171}
}
@article{anttila02,
title	= {Morphologically conditioned phonological alternations},
author	= {Arto Anttila},
publisher	= {Springer Netherlands},
journal	= {Natural Language and Linguistic Theory},
year	= {2002},
volume	= {20},
issue	= {1},
page	= {1--42}
}

@phdthesis{hayes81,
author    =  {Hayes, B.},
title     =  {A metrical theory of stress rules},
school = {MIT},
year = {1981}
}
@book{xajdakov85,
author    =  {
Хайдаков, С. М.},
title     =  {Даргинский и мегебский языки (принципы словоизменения)},
year       =  {1985},
publisher = {Наука},
address  =  {М.}
}
@book{uslar92,
author    =  {
Услар, П. К.},
title     =  {Хюркилинский язык},
year       =  {1892},
publisher = {Типография Канцелярии Главночальствующего гражданской частью на Кавказе},
address  =  {Тифлис}
}

@book{magametov82,
author    =  {Магометов, А. А.},
title     =  {Мегебский диалект даргинского языка},
year       =  {1982},
publisher = {Мецниереба},
address  =  {Тбилиси}
}

@book{koryakov06,
author    =  {Ю. Б. Коряков},
title     =  {Атлас кавказских языков},
year       =  {2006},
publisher = {Институт языкознания РАН},
address  =  {М.}
}

@incollection{kiparsky69,
author = {P. Kiparsky},
title = {Linguistic universals and linguistic change},
booktitle = {Universals in linguistic theory},
publisher = {Holt},
year = {1969},
editor = {E. Bach and R. Harms},
pages = {170--202},
address = {New York}
}
@incollection{sumbatova08,
author = {Sumbatova, N.},
title = {Mehweb: archaic or innovative?},
booktitle = {Morphological Variation and Change in Languages of the Caucasus},
year = {2008},
address = {Vienna}
}
@book{ladefoged96,
author    =  {Ladefoged, P. and I. Maddieson.},
title     =  {The Sounds of the World's Languages},
year       =  {1996},
publisher = {Blackwell Publishers},
address  =  {Oxford, Cambridge}
}

@phdthesis{kim02,
author    =  {Kum, J. N.},
title     =  {A sketch phonology and a step towards the standardization of Naki},
school = {Université de Yaoundé},
year = {2002}
}

@phdthesis{Bateman07,
author = {Bateman, N.},
title = {A crosslinguistic investigation of palatalization},
school = {University of California},
year = {2007}
}

@ARTICLE{appl.gordon11,
author = {Applebaum, A. and Gordon, M.},
title = {A Comparative Phonetic Study of the {C}ircassian Languages},
journal = {Proceedings of the Annual Meeting of the Berkeley Linguistics Society},
year = {2011},
volume = {37},
pages = {3--17},
number = {2}
}

@book{chirikba96,
author    =  {Chirikba, V. A.},
title     =  {Common West Caucasian. The reconstruction of its phonological system and parts of its lexicon and morphology},
year       =  {1996},
publisher = {Research School CNWS},
address  =  {Leiden}
}

@book{colarusso06,
  author                = {Colarusso, John},
  pages                 = {128},
  publisher             = {Lincom Europa},
  series                = {Languages of the World : Materials},
  title                 = {Kabardian (East Circassian) Karbardian (East Circassian)},
  volume                = {200},
  year                  = {2006},
}

@book{colarusso96,
author    =  {Colarusso, J.},
title     =  {A grammar of the Kabardian language},
year       =  {1992},
publisher = {University of Calgary Press},
address  =  {Calgary}
}
@book{smeets84,
author    =  "H. J. Smeets",
title     =  "Studies in West Circassian Phonology and Morphology",
year       =  "1984",
publisher = "The Hakuchi Press",
address  =  "Leiden"
}

@book{sitimova04,
author    =  "С. С. Ситимова",
title     =  "Особенности бжедугского диалекта адыгейского языка",
year       =  "2004",
publisher = "Адыгейский государственны университет",
address  =  "Майкоп"
}
@book{xut13,
author    =  "К. И. Хут",
title     =  "Влияние внешних факторов на произношение звуков адыгейского языка",
year       =  "2013",
publisher = "Качество",
address  =  "Майкоп"
}

@book{jakovlev41,
author    =  "Н. Яковлев and Д. Ашхамаф",
title     =  "Грамматика адыгейского литературного языка",
year       =  "1941",
publisher = "Издательство академии наук СССР",
address  =  "Москва, Ленинград"
}

@article{job81,
  title={Circassian Vowels: One, Two, Three},
  author={Job, DM},
  journal={Dressier etaL},
  pages={231--236},
  year={1981}
}

@article{choi91,
  title={An acoustic study of Kabardian vowels},
  author={Choi, J.-D.},
  journal={Journal of the International Phonetic Association},
  volume={21},
  number={01},
  pages={4--12},
  year={1991},
  publisher={Cambridge Univ Press}
}

@article{choi89,
  title={Phonetic evidence for a three-vowel system in Kabardian},
  author={Choi, J.-D.},
  journal={The Journal of the Acoustical Society of America},
  volume={86},
  number={1},
  pages={18},
  year={1989},
  publisher={Acoustical Society of America}
}

@incollection{wood94,
author = {Wood, S.},
title = {A spectrographic analysis of vowel allophones in Kabardian},
booktitle = {Working Papers 42},
publisher = {Lund University Department of Linguistics},
year = {1994},
pages = {241--25},
address = {Lund}
}

@incollection{paris89,
  address    = {New York},
  author     = {Paris, Catherine},
  booktitle  = {The Indigenous Languages of the Caucasus, Volume 2: The Northwest Caucasian Languages},
  editor     = {Hewitt, B. George},
  pages      = {155--260},
  publisher  = {Caravan Books, Delmar},
  series     = {The Indigenous Languages of the Caucasus},
  title      = {West Circassian (Adyghe: Abzakh dialect)},
  volume     = {2},
  year       = {1989}
}

@BOOK{hoehlig97, 
  author = "Monika Hoehlig", 
  title = "Kontaktbedingter Sprachwandel in der adygeischen Umgangssprache im Kaukasus und in der Tuerkei", 
  series = "LINCOM Studies in Caucasian Linguistics 03", 
  year = "1997", 
  publisher = "Lincom GmbH", 
  address = "Muenchen", 
}

@book{rog.ker66,
author    =  "Г. В. Рогава and З. И. Керашева",
title     =  "Грамматика адыгейского языка",
year       =  "1966",
publisher = "Краснодарское книжное издательство",
address  =  "Краснодар"
}

@book{kuipers60,
  address    = {The Hague},
  author     = {Kuipers, A. H.},
  publisher  = {Mouton},
  title      = {Phoneme and Morpheme in Kabardian},
  year       = {1960},
}

@incollection{catford97,
author = {J. Catford},
title = {Some questions of {N}. {W}. {C}aucasian: {P}honetics and phonology},
booktitle = {Proceedings of the {C}onference on {N}. {W}. {C}aucasian {L}inguistics},
publisher = {Instituttet for sammenligende kulturforskning},
year = {1997},
editor = {A. S. Özsoy},
pages = {99--113},
address = {Oslo}
}

@incollection{arkadiev09,
author = {П. М. Аркадьев and Я. Г. Тестелец},
title = {О трех чередования},
booktitle = {Аспекты полисинтетизма: очерки по грамматике адыгейского языка},
publisher = {Российский государственный гуманитарный университет},
year = {2009},
editor = {Я. Г. Тестелец},
pages = {121--145},
address = {М.}
}

@incollection{intro09,
author = {П. М. Аркадьев and Ю. А. Ландер and А. Б. Летучий and Н. Р. Сумбатова and Я. Г. Тестелец},
title = {Основные сведения об адыгейском языке},
booktitle = {Аспекты полисинтетизма: очерки по грамматике адыгейского языка},
publisher = {Российский государственный гуманитарный университет},
year = {2009},
editor = {Я. Г. Тестелец},
pages = {17--120},
address = {М.}
}

@book{trubetzkoy39,
  title={Grundz{\"u}ge der Phonologie},
  author={Trubetzkoy, N. S.},
  number={7},
  year={1939},
  publisher={Cercle linguistique}
}

@book{paris74,
  title={Syst{\`e}me phonologique et ph{\'e}nom{\`e}nes phon{\'e}tiques dans le parler besney de {Z}ennun {K}{\"o}y{\"u}, {T}cherkesse oriental},
  author={Paris, Catherine},
  volume={69},
  year={1974},
  publisher={Peeters Publishers}
}

@book{kumaxov06,
  title={Кабардино-черкесский язык},
  author={Кумахов, М. А.},
  publisher={Издательский центр <<{Э}ль-{Ф}а>>},
  year={2006},
  address = {Нальчик}
}

@book{matasovic08,
  title={A Short Grammar of Kabardian},
  author={Matasovi{\'c}, Ranko},
  year={2008},
  address = {Zagreb}
}

@book{abitov57,
  title={Грамматика кабардино-черкесского литературного языка},
  author={Абитов, М. Л.},
  year={1957},
  publisher={Изд-во Академии Наук СССР},
  address = {М.}
}

@book{bagov70,
  title={Грамматика кабардино-черкесского литературного языка},
  author={Багов, П. М.},
  year={1970},
  publisher={Изд-во <<{Н}аука>>},
  address = {М.}
}

@book{kumachov81,
  title={Сравнительно-историческая фонетика адыгских (черкесских) языков},
  author={Кумахов, М. А.},
  year={1981},
  publisher={Изд-во <<{Н}аука>>},
  address = {М.}
}

@book{balkarov59,
  title={Язык бесленеевцев},
  author={Балкаров, Б. Х.},
  publisher={Кабардино-Балкарское кн. изд.},
  address = {Нальчик},
  year={1959}
}

@article{balkarov57,
  title={Некоторые особенности лексики бесленеевского диалекта},
  author={Балкаров, Б. X.},
  journal={Ученые записки Кабардино-Балкарского НИИ},
  year={1957},
  volume = {XII},
  pages = {171--190}
}

@book{balkarov70,
  title={Фонетика адыгских языков},
  author={Балкаров, Б. Х.},
  year={1970},
  publisher={Книжное изд-во <<{Э}лбрус>>},
  address = {Нальчик}
}

@article{schebeck65,
  title={The Structure of Kabardian},
  author={Schebeck, Bernhard},
  journal={La Linguistique},
  year={1965},
  volume = {1},
  pages = {113--119},
  publisher={Presses Universitaires de France}
}

@article{kuipers66,
  title={Remarks on the Structure of Kabardian},
  author={Kuipers, A. H.},
  journal={La Linguistique},
  volume={2},
  pages={133--136},
  year={1966},
  publisher={Presses Universitaires de France}
}

@article{anderson91,
  title={Kabardian disemvowelled, again},
  author={Anderson, John},
  journal={Studia Linguistica},
  volume={45},
  number={1-2},
  pages={18--48},
  year={1991}
}

@article{halle70,
  title={Is Kabardian a vowel-less language?},
  author={Halle, Morris},
  journal={Foundations of Language},
  volume={6},
  number={1},
  pages={95--103},
  year={1970},
  publisher={Springer}
}

@article{wood90,
  title={Vertical, monovocalic and other ``impossible'' vowel systems: A review of the articulation of the Kabardian vowels},
  author={Wood, S.},
  journal={Studia Linguistica},
  volume={45},
  number={1-2},
  pages={49--70},
  year={1990}
}

@article{choi90,
  title={Kabardian vowels revisited},
  author={Choi, J.-D.},
  journal={UCLA Working Papers in Phonetics},
  volume={74},
  pages={1--15},
  year={1990}
}

@article{pittman63,
  title={Review of: Phoneme and morpheme in Kabardian (Eastern Adyghe), by Aert H. Kuipers},
  author={Pittman, R. S.},
  journal={Language},
  volume={39},
  pages={346--50},
  year={1963}
}