@article{dudley40,
  title={The carrier nature of speech},
  author={Dudley, Homer},
  journal={Bell System Technical Journal},
  volume={19},
  number={4},
  pages={495--515},
  year={1940}
}

@book{kempelen91,
  title={Mechanismus der menschlichen Sprache},
  author={von Kempelen, Wolfgang},
  year={1791},
  publisher={Degen}
}

@book{gales08,
  title={The application of hidden Markov models in speech recognition},
  author={Gales, Mark and Young, Steve},
  journal={The {A}pplication of {H}idden {M}arkov {M}odels in {S}peech {R}ecognition},
  address={Boston, Delft},
  publisher = {Now Publishers}
}

@book{schroeder13,
  title={Computer speech: recognition, compression, synthesis},
  author={Schroeder, Manfred R.},
  volume={35},
  year={2013},
  publisher={Springer Science \& Business Media}
}


@article{gales07,
  title={The application of hidden Markov models in speech recognition},
  author={Gales, Mark and Young, Steve},
  journal={Foundations and Trends{\textregistered} in Signal Processing},
  volume={1},
  number={3},
  pages={195--304},
  year={2007}
}

